2566 4448
175 158 216 246 12
635 197 728 255 ras

149 285 207 383 sat
224 319 279 403 qui
297 342 360 384 non
379 320 468 385 audit
485 321 609 399 Musas,
628 324 683 407 qui
700 323 809 387 vendit
827 345 976 401 amorem,

215 413 331 480 Idaeae
350 437 460 480 currus
478 415 531 481 ille
549 427 700 500 sequatur
718 415 800 503 Opis

174 519 205 572 et
222 519 418 574 tercentenas
437 511 596 576 erroribus
615 512 739 597 expleat
756 510 851 576 urbes

122 607 156 661 70
216 614 247 668 et
264 615 349 668 secet
367 604 408 668 ad
427 603 589 690 Phrygios
606 605 682 670 vilia
698 605 841 670 membra
857 607 978 671 modos.

174 695 336 761 blanditiis
353 698 423 762 vult
440 721 509 764 esse
527 700 633 764 locum
650 702 761 766 Venus
778 700 861 784 ipsa:
880 699 1016 783 querelis

215 793 421 877 supplicibus,
440 793 562 858 miseris
580 793 706 858 fletibus
723 795 779 859 illa
796 794 903 858 favet.’

174 885 253 950 haec
270 886 358 964 mihi,
377 909 459 970 quae
478 909 624 952 canerem
642 886 737 965 Titio,
755 888 833 952 deus
853 887 950 952 edidit
967 910 1035 952 ore:

136 1016 169 1044 a.
215 981 271 1045 sed
288 981 409 1046 Titium
429 982 566 1046 coniunx
584 982 664 1046 haec
681 983 861 1047 meminisse
879 992 974 1047 vetat.

121 1088 155 1142 75
172 1088 281 1158 pareat
298 1076 351 1140 ille
370 1099 460 1140 suae:
479 1069 535 1140 vos
554 1098 605 1140 me
623 1077 779 1141 celebrate
796 1076 993 1163 magistrum,

215 1191 294 1252 quos
311 1170 393 1234 male
411 1170 508 1233 habet
525 1171 625 1234 multa
643 1170 775 1235 callidus
794 1181 860 1236 arte
878 1193 965 1255 puer.

172 1262 273 1346 gloria
291 1263 406 1346 cuique
423 1287 481 1328 sua
499 1275 560 1329 est:
579 1287 640 1340 me,
659 1265 715 1348 qui
732 1276 929 1350 spementur‚
949 1273 1090 1328 amantes

215 1359 407 1422 consultant:
427 1359 547 1422 cunctis
565 1359 661 1423 ianua
678 1370 785 1424 nostra
802 1369 899 1445 patet.

172 1461 297 1536 tempus
316 1453 384 1529 erit,
402 1473 476 1516 cum
494 1475 544 1518 me
562 1453 696 1520 Veneris
714 1465 883 1538 praecepta
900 1453 1053 1518 ferentem

120 1551 155 1606 80
215 1546 351 1610 deducat
367 1546 519 1611 iuvenum
539 1547 650 1611 sedula
667 1547 762 1611 turba
779 1570 896 1612 senem.

170 1639 233 1704 heu
250 1641 312 1705 heu
331 1662 428 1725 qnam
445 1641 616 1706 Marathus
634 1643 718 1706 lento
735 1664 787 1706 me
804 1652 930 1726 torquet
948 1638 1067 1705 amorel

213 1735 362 1800 deficiunt
380 1746 472 1812 artes,
492 1736 704 1818 deficiuntque
722 1736 794 1800 doli.

170 1851 273 1914 parce,
292 1853 382 1916 puer,
401 1851 530 1913 quaeso,
548 1853 588 1895 ne
607 1830 707 1913 turpis
726 1830 835 1892 fabula
852 1829 936 1904 fiam,

214 1947 286 1989 cum
303 1947 375 1990 mea
392 1924 541 1989 ridebunt
557 1946 640 1987 vana
656 1923 847 2008 magisteria.

656 2264 699 2331 V.

170 2393 276 2477 Asper
294 2414 380 2456 eram
398 2402 429 2457 et
446 2392 529 2457 bene
548 2392 716 2458 discidium
734 2415 785 2457 me
803 2393 885 2459 ferre
902 2393 1069 2477 loquebar:

213 2497 245 2550 at
261 2486 340 2551 mihi
356 2509 442 2551 nunc
459 2487 555 2572 longe
572 2487 674 2572 gloria
690 2486 781 2552 fortis
799 2487 898 2552 abest.

169 2602 306 2663 namque
324 2604 411 2667 agor,
429 2593 465 2645 ut
482 2605 539 2666 per
556 2582 652 2666 plana
670 2581 750 2645 citus
770 2581 837 2645 sola
854 2581 985 2645 verbere
1004 2580 1127 2656 turben,

211 2697 306 2758 quem
324 2677 407 2740 celer
425 2676 557 2740 adsueta
573 2685 679 2740 versat
697 2674 738 2739 ab
756 2685 822 2739 arte
840 2697 929 2759 puer.

135 2779 152 2832 5
169 2791 225 2833 ure
243 2769 347 2833 ferum
365 2780 396 2833 et
413 2779 536 2851 torque,
555 2769 653 2834 libeat
669 2792 710 2833 ne
728 2768 832 2834 dicere
850 2769 1019 2852 quicquam

211 2863 415 2948 magnificum
432 2874 504 2948 post
521 2863 615 2928 haec:
634 2862 761 2927 horrida
778 2863 876 2927 verba
893 2864 995 2927 doma.

169 2980 263 3044 parce
281 2969 396 3034 tamen,
415 2979 473 3041 per
491 2969 522 3023 te
539 2957 649 3022 furtivi
666 2958 795 3022 foedera
812 2957 895 3035 lecti,

211 3075 269 3136 per
285 3052 444 3118 Venerem
463 3073 581 3134 quaeso
599 3052 871 3137 compositumque
889 3068 993 3137 capnt.

168 3147 222 3211 ille
240 3168 310 3231 ego,
328 3169 401 3211 cum
418 3145 499 3209 tristi
516 3145 627 3209 morbo
646 3145 770 3210 defessa
787 3146 916 3222 iacereS,

118 3251 153 3304 10
211 3251 242 3306 te
260 3240 347 3306 dicor
365 3240 446 3306 votis
465 3239 615 3324 eripuisse
633 3239 725 3303 meis:

168 3335 300 3420 ipseque
317 3345 349 3400 te
367 3335 487 3400 circum
503 3333 636 3398 lustravi
654 3332 774 3398 sulfure
791 3356 882 3418 puro,

213 3429 351 3494 carmine
369 3451 442 3493 cum
461 3428 584 3513 magico
602 3427 830 3512 praecinuisset
848 3450 940 3491 anus:

167 3524 235 3608 ipse
253 3523 419 3608 procuravi
436 3545 476 3586 ne
495 3533 624 3606 possent
643 3544 737 3588 saeva
754 3543 867 3587 nocere

211 3617 343 3693 somnia,
362 3628 409 3681 ter
428 3628 537 3681 sancta
556 3616 777 3682 deveneranda
793 3618 891 3681 mola:

117 3722 151 3776 15
168 3714 235 3799 ipse
254 3735 314 3798 ego
332 3713 453 3775 velatus
471 3710 525 3774 filo
544 3711 721 3795 tunicisque
739 3712 848 3776 solutis

211 3818 284 3871 vota
300 3828 415 3871 novem
433 3804 561 3869 Triviae
580 3816 672 3870 nocte
690 3805 802 3871 silente
820 3805 902 3871 dedi.

169 3902 274 3967 omnia
291 3899 441 3985 persolvi:
459 3897 574 3962 fruitur
591 3921 675 3963 nunc
694 3899 773 3963 alter
790 3921 906 3974 umore,

211 4008 242 4060 et
259 3994 405 4082 precibus
424 3991 500 4057 felix
518 3992 616 4057 utitur
633 3993 686 4057 ille
704 3993 792 4058 meis.
