2566 4448
571 224 601 283 11
618 229 636 284 a
1071 204 1113 276 29

95 351 195 418 Delos
213 352 269 419 ubi
285 373 380 428 nunc,
397 350 539 428 Phoebe,
557 360 613 416 tua
630 360 686 428 est,
704 349 760 415 ubi
776 333 935 436 Delphica
951 346 1077 434 Pythoi

138 470 252 533 nempe
270 469 358 512 amor
375 447 408 510 iu
425 469 525 532 parva
541 455 573 511 te
590 445 679 511 iubet
698 467 767 511 esse
785 467 869 510 casa.

95 541 204 607 felices
222 540 308 617 olim,
325 538 443 608 Veneri
460 552 534 605 oum
550 532 687 606 fertura
710 550 776 605 erte
1170 612 1173 617 ยน

139 635 255 700 servire
273 644 416 700 aeternos
433 656 498 698 non
516 633 668 719 puduisse
686 562 771 698 deos
1132 634 1168 689 30

96 728 207 794 fabula
222 751 307 795 nuno
324 729 377 794 ille
395 738 456 794 est:
479 728 536 793 sed
554 727 606 793 cui
623 750 681 792 sua
698 749 774 792 cura
792 724 898 813 puella
916 732 1006 803 esta

139 823 249 888 fabula
266 823 306 888 sit
322 823 443 890 mavult
459 843 556 906 quam
573 822 641 888 sine
659 839 766 887 amoro
784 818 872 886 deus.

97 927 129 982 at
145 927 192 995 tu,
210 918 351 1003 quisquis
369 917 395 983 is
414 941 458 995 es,
477 916 529 982 eui
546 909 628 982 tristi
645 916 749 982 fronte
768 900 895 1002 Cupido

139 1011 283 1098 imperat,
301 1022 338 1078 ut
354 1023 463 1077 nostra
480 1011 544 1076 sint
560 1021 616 1077 tua
634 1021 701 1077 cast
702 1034 738 1075 ra
688 1011 906 1076 tdomo..

97 1104 199 1171 ferrea
216 1128 279 1171 non
298 1106 457 1173 Venerem
476 1105 532 1171 sed
549 1105 702 1190 praedam
720 1104 847 1169 saecula
863 1056 1009 1168 laudant:

139 1200 257 1285 praeda
273 1210 381 1265 tamen
398 1198 505 1263 multis
525 1210 573 1264 est
589 1209 719 1285 operata
735 1198 836 1263 malis.

96 1294 215 1379 praeda
232 1294 316 1360 feras
335 1293 418 1358 acies
436 1293 533 1358 cinxit
550 1292 748 1358 discordibus
766 1291 875 1357 armisz

139 1388 213 1452 hinc
231 1409 334 1465 cruor,
352 1387 427 1452 hine
445 1387 558 1452 caedes
576 1408 661 1451 mors
678 1385 869 1472 propiorque
887 1383 984 1452 venit.

97 1481 217 1567 praeda
234 1504 316 1567 vago
333 1481 425 1545 iussit
443 1480 605 1567 geminare
622 1480 763 1566 pericula
778 1488 889 1568 ponto,

140 1575 255 1640 bellica
272 1597 346 1640 eum
364 1574 468 1640 dubiis
486 1586 588 1640 rostra
605 1573 692 1640 dedit
708 1574 840 1639 ratibus.

98 1668 266 1753 praedator
284 1667 371 1753 cupit
388 1665 559 1735 immensos
577 1667 722 1732 obsidere
740 1687 882 1752 campos,
988 1675 995 1685 '

141 1772 176 1825 ut
193 1761 293 1827 multa
310 1761 476 1826 innumera
492 1762 605 1846 iugera
621 1770 732 1845 pascat
752 1782 825 1825 ove:

98 1853 150 1918 cui
167 1853 247 1939 lapis
265 1864 413 1919 externus
432 1876 527 1919 curae
545 1864 604 1930 est,
621 1852 774 1936 urbisque
791 1852 929 1917 tumultu

140 1957 283 2032 portatur
301 1947 413 2012 validis
431 1947 516 2011 mille
534 1946 682 2012 columna
699 1945 793 2030 iugis,
868 2008 870 2012 ,

99 2040 217 2105 claudit
234 2050 266 2105 et
282 2040 471 2105 indomitum
488 2041 587 2105 moles
606 2062 703 2126 mare,
720 2038 825 2104 lentus
842 2049 879 2103 ut
895 2037 979 2102 intra

141 2133 292 2217 neglegat
309 2133 457 2198 hibernas
475 2134 570 2220 piscis
589 2133 700 2198 adesse
717 2133 830 2197 minas.

99 2237 132 2290 at
148 2225 228 2288 mihi
245 2225 328 2290 laeta
345 2227 472 2291 trahant
490 2227 618 2292 Samiae
636 2226 782 2292 convivia
799 2237 899 2292 testae

140 2320 277 2402 fictaque
295 2317 442 2384 Cumana
458 2320 580 2384 lubrica
597 2331 681 2384 terra
698 2330 776 2405 rota.

98 2413 244 2480 heuheu
262 2413 412 2479 divitibus
429 2413 522 2479 video
540 2414 680 2499 gaudere
697 2414 834 2499 puellas:

140 2509 203 2573 iam
221 2509 351 2573 veniant
368 2507 515 2594 praedae,
535 2507 562 2572 si
580 2508 691 2575 Venus
709 2506 798 2595 optat
815 2529 906 2594 opes:

98 2612 134 2667 ut
150 2625 221 2668 mea
238 2602 365 2668 luxuria
381 2600 527 2667 Nemesis
544 2600 623 2666 fluat
639 2612 738 2686 utque
755 2624 813 2688 per
829 2602 941 2667 urbem

140 2697 266 2761 incedat
285 2694 374 2760 donis
392 2694 617 2781 conspicienda
634 2695 723 2785 meis.

99 2789 153 2854 illa
169 2800 261 2876 gerat
278 2801 382 2855 vestes
399 2799 521 2868 tenues,
539 2811 620 2875 quas
637 2789 757 2856 femina
775 2787 845 2855 Coa

141 2882 252 2969 texuit,
271 2894 396 2948 auratas
415 2884 633 2969 disposuitque
651 2885 733 2948 vias:

99 2975 145 3040 illi
162 2976 222 3040 sint
240 2978 369 3042 comites
387 2976 479 3054 fusci,
497 2992 577 3062 quos
595 2977 688 3042 India
705 2987 812 3055 torret,

143 3069 218 3133 solis
237 3081 267 3134 et
285 3071 420 3135 admotis
437 3071 562 3136 inficit
553 3072 636 3157 ignis
654 3072 757 3154 equis.

53 3199 56 3205 ,
99 3164 145 3229 illi
163 3164 295 3227 selectos
314 3175 433 3229 certent
450 3166 603 3251 praebere
621 3164 741 3230 colores

143 3257 256 3322 Africa
272 3258 442 3341 puniceum
459 3279 717 3344 purpureumque
734 3258 848 3342 Tyros.

98 3376 179 3416 carta
197 3351 323 3433 loquor:
342 3374 477 3438 regnum
494 3354 546 3416 ille
564 3362 658 3428 tenet,
677 3373 773 3435 quem
791 3372 889 3436 saepe
906 3351 1010 3436 coegit

141 3445 278 3510 barbara
295 3456 410 3531 gypsat
411 3468 447 3511 os
398 3446 547 3511 tferrc
565 3456 686 3510 catasta
702 3444 810 3530 pedes.

99 3551 132 3606 at
149 3540 206 3604 tibi
225 3540 305 3604 dura
323 3560 424 3625 seges,
442 3539 604 3604 Nemesim
623 3539 677 3622 qui
695 3538 827 3604 abducis
844 3538 885 3604 ab
903 3541 992 3616 urbe,

142 3635 299 3720 persolvat
317 3634 405 3698 nulla
422 3634 543 3699 semina
561 3646 640 3698 certo
656 3632 729 3700 fide.

101 3739 132 3792 et
148 3739 193 3806 tu,
211 3729 338 3795 Bacche
357 3738 455 3804 tener,
472 3726 631 3794 iucundae
648 3727 785 3794 consitor
802 3750 894 3805 uvae,

142 3833 178 3886 tu
195 3843 321 3908 quoque
340 3823 481 3900 devotoa
499 3823 636 3900 Bacche,
654 3823 796 3907 relinque
813 3824 911 3887 lacus.

101 3915 188 3980 haud
206 3917 335 4003 impune
352 3916 427 3983 licet
444 3915 599 3982 formosas
616 3917 758 3983 tristibus
776 3916 860 4002 agris

145 4009 274 4077 abdere:
292 4035 356 4078 non
373 4011 452 4078 tanti
470 4022 544 4078 sunt
561 4022 618 4079 tua
632 4022 755 4090 musta,
767 4021 879 4096 pater.
