2566 4448
602 166 668 222 114

124 298 179 354 aut
196 288 317 375 rapiam
336 311 489 374 suspensa
506 289 601 355 sacris
618 288 756 374 insignia
772 288 869 352 fanis:

167 383 223 448 sed
241 383 352 450 Venus
370 395 443 449 ante
461 384 537 449 alios
556 395 604 449 est
621 382 769 448 violanda
786 382 872 447 mihi.

32 510 34 517 ·
123 476 179 542 illa
194 478 315 542 malum
333 477 456 543 facinus
474 478 586 543 suadet
604 477 826 560 dominamque
843 497 991 560 rapacem

27 562 32 573 ’
168 571 222 635 dat
239 571 331 636 mihi:
351 572 519 658 sacrilegas
538 572 651 636 sentiat
668 571 722 636 illa
739 593 861 635 manus.

124 676 279 751 opereat,
298 666 488 749 quicumque
505 666 583 752 legit
600 665 781 748 viridesque
799 663 982 748 smaragdos

167 770 200 823 et
216 761 341 824 niveam
359 761 457 845 Tyrio
474 760 594 824 murice
612 760 705 844 tingit
722 781 824 823 ovem.

10 904 15 921 .
125 850 176 916 hio
194 853 249 917 dat
266 854 415 919 avaritiae
434 876 545 918 causas
564 865 595 918 et
613 851 683 918 Coa
701 853 814 937 puellis

167 946 263 1012 vestis
281 959 312 1012 et
329 971 346 1013 e
364 948 460 1012 rubro
477 947 583 1011 lucida
600 947 721 1012 concha
739 946 828 1010 mari.

91 1108 94 1113 ,
126 1040 204 1106 haec
221 1041 324 1107 fecere
341 1043 456 1107 malas:
475 1041 548 1106 hino
566 1041 679 1106 clavim
697 1043 792 1105 ianua
810 1038 907 1104 sensit

168 1147 199 1199 et
216 1136 320 1221 coepit
338 1147 443 1201 custos
460 1135 577 1199 liminis
596 1158 664 1200 esse
683 1135 779 1200 cauis.

125 1229 181 1292 sed
198 1231 334 1315 pretium
351 1230 378 1294 si
396 1229 516 1315 grande
534 1229 627 1306 feras,
647 1228 789 1294 custodia
807 1227 890 1292 victa
908 1236 966 1303 est,

167 1345 226 1388 nec
243 1323 411 1408 prohibent
429 1323 545 1400 claves,
564 1334 596 1388 et
613 1322 699 1387 canis
717 1322 784 1407 ipse
802 1332 894 1387 tacet.

124 1415 188 1482 heu
205 1418 398 1500 quicumque
416 1417 502 1482 dedit
519 1417 653 1482 formam
672 1416 815 1482 caelestis
834 1438 957 1492 avarae,

21 1549 33 1559 —
127 1572 131 1579 ,
167 1512 262 1594 quale
279 1511 398 1575 bonum
415 1511 522 1576 multis
540 1511 644 1576 attulit
660 1512 713 1575 ille
730 1510 834 1583 malisl

125 1601 199 1668 hinc
217 1605 309 1670 fletus
326 1605 476 1688 rixaeque
494 1614 617 1681 sonant,
635 1604 714 1670 haec
732 1604 868 1687 denique
886 1625 982 1668 causa

167 1697 244 1763 fe'cit
260 1709 296 1762 ut
312 1698 438 1764 infamis
456 1723 535 1764 nunc
552 1699 631 1765 deus
650 1708 732 1763 esset
750 1699 869 1794 Amor>
898 1733 902 1741 ·

125 1802 158 1857 at
175 1792 243 1870 tibi,
262 1814 343 1876 quae
360 1793 462 1878 pretio
479 1792 580 1858 victos
598 1792 739 1857 excludis
759 1800 912 1868 amantes,

168 1887 302 1972 eripiant
319 1898 425 1972 partas
443 1899 557 1952 ventus
575 1897 606 1951 et
622 1887 705 1972 ignis
724 1904 814 1971 opes:

125 1981 201 2064 quin
220 1994 275 2045 tua
290 1994 366 2046 tunc
387 1981 518 2046 iuvenes
536 1992 679 2066 spectent
696 1979 841 2046 incendia
858 1979 942 2055 laeti,

168 2097 226 2139 uec
244 2075 411 2157 quisquam
428 2076 575 2141 flammae
593 2076 722 2141 sedulus
740 2075 836 2139 addat
853 2092 979 2156 aquam.

126 2189 183 2232 seu
200 2168 305 2257 veniet
313 2168 379 2247 ,tibi
397 2191 491 2246 mors,
509 2192 569 2234 nec
587 2171 645 2234 erit
662 2169 718 2252 qui
735 2170 843 2254 lugeat
860 2167 955 2244 ullus,

168 2282 227 2326 nec
245 2263 300 2343 qui
317 2262 371 2326 det
387 2274 524 2327 maestas
541 2285 656 2326 munus
673 2264 707 2326 in
724 2261 924 2344 exsequias...

127 2365 159 2419 at
177 2355 260 2419 bona
278 2377 360 2438 quae
377 2377 436 2419 nec
454 2378 551 2420 avara
567 2356 637 2431 fuit,
656 2367 784 2420 centum
802 2356 875 2421 licet
893 2376 992 2420 annos

170 2447 293 2524 vixerit,
312 2447 475 2512 ardentem
492 2447 620 2512 flebitur
639 2459 712 2513 ante
729 2469 857 2532 rogum:

127 2552 222 2625 atque
240 2541 354 2624 aliquis
373 2541 477 2606 senior
494 2552 617 2607 veteres
636 2551 804 2607 veneratus
822 2563 944 2606 amores

169 2659 275 2701 annua
293 2646 472 2701 constructo
490 2647 574 2701 serta
592 2636 682 2701 dabit
699 2636 821 2700 tumulo

127 2741 157 2794 et
176 2730 285 2796 ‘bene’
305 2730 470 2795 discedens
489 2731 572 2796 dicet
590 2730 792 2817 ‘placideque
810 2729 964 2812 quiescas,

169 2835 316 2908 terraque
334 2847 465 2890 securae
483 2824 523 2888 sit
540 2847 636 2910 super
653 2846 724 2890 ossa
741 2824 839 2889 levis!

128 2939 204 2982 vera
222 2919 350 3001 quidem
366 2940 491 2997 moneo,
510 2920 566 2984 sed
583 2930 715 3005 prosunt
733 2918 810 3003 quid
827 2916 905 2983 mihi
923 2920 1015 2983 vera?

170 3010 253 3076 illius
272 3023 319 3078 est
336 3012 429 3078 nobis
446 3013 519 3098 lege
536 3014 687 3078 colendus
705 3035 804 3078 amor.
921 3094 923 3099 Ι

129 3104 207 3189 quin
225 3105 319 3171 etiam
338 3107 429 3173 sedes
445 3107 556 3172 iubeat
573 3107 600 3172 si
617 3108 754 3173 vendere
773 3107 885 3184 avitas,
975 3166 989 3196 ‚,

170 3199 215 3263 ite
232 3199 293 3263 sub
310 3199 479 3286 imperium
497 3201 557 3266 sub
576 3202 777 3285 titulumque,
795 3200 887 3265 lares.
941 3247 987 3279 -2,

127 3292 283 3376 quidquid
300 3293 397 3359 babet
414 3292 519 3372 Circe,
537 3295 692 3379 quidquid
709 3293 828 3358 Medea
848 3295 972 3371 veneni,

170 3386 326 3470 quidquid
344 3398 376 3453 et
391 3387 562 3453 herbarum
581 3388 736 3453 Thessala
752 3397 836 3451 terra
852 3387 944 3472 gerit,

109 3490 162 3546 -et
178 3481 275 3564 quod,
295 3480 349 3544 ubi
365 3481 526 3546 indomitis
543 3482 695 3568 gregibus
713 3481 824 3548 Venus
845 3481 942 3546 adflat
959 3504 1092 3559 amores,

171 3574 378 3660 hippomanes
396 3576 530 3661 cupidae
548 3574 645 3640 stillat
662 3575 703 3639 ab
720 3574 849 3661 inguine
868 3597 978 3658 equae,

129 3668 268 3733 simodo
286 3691 337 3733 me
354 3667 480 3754 placido
497 3668 604 3734 videat
620 3668 765 3734 Nemesis
784 3691 856 3734 mea
873 3670 972 3746 vultu,

170 3762 256 3829 mille
274 3761 353 3828 alias
371 3761 485 3828 herbas
503 3762 634 3827 misceat
650 3762 715 3840 illa,
732 3762 850 3828 bibam.

554 3926 725 3941 Μ
