2566 4448
155 155 195 221 16
405 220 408 235 ,
621 171 711 228 16.7

154 293 326 359 baecmihi
344 304 376 359 te
394 294 522 367 adducit
539 295 676 380 tenebris
694 296 856 381 multoque
874 299 984 365 timore

103 402 137 456 60
196 390 358 474 coniungit
375 400 497 454 nostras
516 389 597 453 clam
614 390 770 455 taciturna
787 415 918 474 manus:¹

152 484 231 548 haec
248 478 432 566 foribusque
451 494 557 548 manet
574 495 669 549 noctu
688 508 738 549 me
756 487 1051 572 adfixa'proculque

196 579 358 664 cognoscit
375 579 524 664 strepitus
542 602 592 644 me
611 579 756 644 'veniente
773 582 900 667 pedum.

153 675 224 740 vive
244 675 298 737 diu
316 673 403 751 mihi,
422 675 523 739 dulcis
542 697 636 738 anus:
655 675 798 760 proprios
817 668 877 761 ego
895 688 1010 752 tecum,

196 769 235 834 sit
252 768 346 833 modo
364 769 423 846 fas,
442 791 541 833 annos
559 768 766 833 contribuisse
783 771 887 835 velim.

37 914 42 922 .
101 867 135 930 65
153 874 183 929 te
202 877 326 948 semper
343 855 513 948 natarnque
531 873 618 927 tuam
635 874 667 929 te
684 874 813 949 propter
830 863 958 929 amabo

45 958 47 963 ’
112 958 406 1047 quidquid
366 959 441 1048 anit,
460 958 591 1044 sanguis
609 969 657 1023 est
674 969 780 1024 tamen
798 959 852 1023 illa
869 968 952 1023 tuus

152 1054 303 1118 stimodo
322 1065 418 1129 casta
376 1053 525 1129 t,doce
544 1053 688 1136 quamvis
706 1075 769 1117 non
787 1053 865 1117 vitta
881 1052 995 1138 ligatae

193 1147 345 1233 impediat
362 1147 463 1211 crines
481 1157 587 1211 necst
559 1147 639 1211 stola
656 1147 752 1233 longa
769 1147 875 1232 pedes

152 1253 183 1307 et
170 1242 277 1306 tmibi
295 1241 357 1305 sint
374 1240 471 1304 durae
488 1240 585 1326 leges,
604 1241 733 1306 laudare
751 1264 809 1306 nec
827 1242 940 1306 ullam

38 1374 40 1379 ,
100 1347 134 1401 70
193 1335 312 1421 possim
330 1356 399 1420 ege,
415 1335 495 1419 ‘quin
513 1336 621 1400 oculos
639 1347 767 1420 appetat
785 1337 839 1399 illa
854 1357 956 1405 meos:

151 1430 226 1496 etsi
243 1430 319 1513 quid
338 1451 485 1514 peccasse
503 1440 598 1514 putet,
617 1429 778 1513 ducarque
797 1428 916 1514 capillis

192 1524 346 1589 immerito
364 1527 397 1587 ia
415 1527 528 1596 medios
546 1525 762 1609 proripiarque
780 1525 857 1589 vias.
916 1528 920 1535 '

149 1642 214 1684 non
231 1642 291 1705 ego
309 1629 340 1684 te
358 1619 484 1704 pulsare
502 1618 606 1696 velim,
625 1621 690 1696 sed,
709 1619 830 1684 venerit
847 1619 906 1684 iste

193 1715 218 1778 si
236 1714 334 1791 furor,
353 1714 488 1798 optarim
504 1735 567 1777 non
586 1714 735 1778 babuisse
752 1736 875 1777 manus.

99 1820 132 1874 75
149 1832 208 1873 nec
226 1831 321 1873 saevo
340 1807 382 1872 sis
401 1819 488 1873 casta
505 1820 601 1889 metu,
621 1809 675 1872 sed
694 1818 799 1873 mente
817 1807 916 1870 fideli:

191 1915 320 1967 mutuus
338 1903 460 1966 absenti
482 1913 513 1966 te
531 1901 608 1965 mihi
626 1914 730 1966 servet
748 1923 844 1965 amor.

149 2010 181 2062 at
198 2020 280 2081 quae
297 1996 362 2061 fida
379 1997 439 2060 fuit
456 1996 544 2072 nulli,
561 2006 632 2081 post
650 1996 733 2060 victa
751 2004 877 2059 senecta
960 2039 961 2043 =

192 2092 304 2156 ducit
296 2114 386 2176 1nops
404 2092 537 2171 tremula
555 2091 689 2154 stamina
706 2101 787 2154 torta
804 2110 900 2153 manu

148 2186 301 2268 firmaque
320 2185 481 2249 conductis
501 2184 638 2249 adnectit
656 2185 728 2273 licia
745 2184 815 2248 telis

97 2292 131 2347 80
191 2293 270 2344 tract
258 2295 352 2388 taque
371 2280 458 2344 de
427 2302 520 2344 nrveo
538 2279 653 2344 vellere
671 2279 766 2343 ducta
783 2287 882 2363 putat.

148 2375 230 2438 hanc
248 2374 352 2438 animo
370 2371 529 2459 gaudente
547 2373 680 2437 vident
671 2394 886 2455 iuvenumque
904 2380 1048 2435 catervae
1143 2444 1146 2449 ¹

191 2479 435 2533 commemorant
454 2468 564 2533 merito
582 2479 629 2532 tot
645 2468 729 2554 mala
746 2468 826 2532 ferre
845 2472 965 2530 senein:
1121 2471 1125 2477 '

147 2562 229 2627 banc
247 2564 358 2628 Venus
376 2585 416 2627 ex
434 2562 497 2626 alto
515 2563 642 2626 flentem
660 2561 802 2647 sublimis
822 2558 962 2656 Olyrnpo

192 2669 313 2743 spectat
331 2667 362 2722 e
350 2657 483 2720 tinfidis
501 2678 597 2739 quam
616 2657 656 2720 sit
677 2656 791 2720 acerba
807 2664 923 2719 monet.
975 2708 980 2721 ,

96 2765 130 2818 85
149 2751 227 2815 haec
245 2752 314 2815 aliis
331 2749 498 2815 maledicta
516 2750 643 2814 cadant:
617 2760 730 2827 tnos‚
750 2749 853 2825 Delia,
873 2747 987 2812 amoris

191 2845 369 2930 exemplum
388 2867 467 2909 cana
485 2843 583 2909 simus
602 2855 734 2928 uterque
752 2866 851 2909 coma.

574 3024 740 3035 ——a———n

617 3184 693 3250 VII.

147 3315 244 3378 Hunc
261 3316 402 3401 cecinere
421 3312 503 3379 diem
521 3312 643 3378 Parcae
661 3312 769 3377 fatalia
785 3324 895 3378 nentes

189 3397 333 3485 stamina,
352 3431 415 3472 non
434 3408 489 3472 ulli
508 3407 709 3472 dissoluenda
728 3407 800 3471 deo:

146 3502 230 3566 hunc
248 3502 326 3579 fore,
344 3502 521 3584 Aquitanas
539 3513 645 3587 posset
662 3501 716 3584 qui
735 3502 867 3566 fundere
885 3513 1005 3587 gentes,

90 3611 93 3616 ’
188 3618 282 3679 quem
300 3608 447 3660 tremeret
435 3596 538 3659 tforti
556 3596 654 3661 milite
671 3596 773 3660 victus
791 3598 886 3659 Atax.

111 3707 128 3760 5
146 3714 291 3756 evenere
310 3713 408 3755 novos
426 3689 527 3774 pubes
546 3690 691 3754 Romana
707 3690 921 3775 triumphos
992 3768 995 3775 .

138 3824 142 3829 -
187 3785 266 3848 vidit
283 3795 315 3850 et
332 3785 437 3850 evinct
438 3805 473 3847 os
425 3783 640 3847 tbracchia
659 3796 753 3870 capta
772 3784 885 3869 duces:

145 3891 176 3942 ιι
194 3891 224 3942 te
242 3880 386 3944 victrices
404 3879 519 3954 lauros,
537 3878 700 3954 Messalla,
719 3889 882 3963 gerentem

186 3976 332 4059 portabat
349 3974 449 4039 niveis
467 3996 577 4038 currus
596 3973 734 4037 eburnus
754 3973 852 4056 equis.
