<?xml version="1.0" encoding="UTF-8"?>
<!DOCTYPE html PUBLIC "-//W3C//DTD XHTML 1.0 Transitional//EN"
    "http://www.w3.org/TR/xhtml1/DTD/xhtml1-transitional.dtd">
<html xmlns="http://www.w3.org/1999/xhtml" xml:lang="en" lang="en">
 <head>
  <title>
</title>
<meta http-equiv="Content-Type" content="text/html;charset=utf-8" />
  <meta name='ocr-system' content='tesseract 3.04.00' />
  <meta name='ocr-capabilities' content='ocr_page ocr_carea ocr_par ocr_line ocrx_word'/>
</head>
<body>
  <div class='ocr_page' id='page_1' title='image "./albiitibulliele00hillgoog_0054.png"; bbox 0 0 2558 4402; ppageno 0'>
   <div class='ocr_carea' id='block_1_1' title="bbox 84 232 676 343">
    <p class='ocr_par' dir='ltr' id='par_1_1' title="bbox 84 232 676 343">
     <span class='ocr_line' id='line_1_1' title="bbox 84 232 676 343; baseline 0.012 -7"><span class='ocrx_word' id='word_1_1' title='bbox 84 232 95 286; x_wconf 70' lang='lat'><strong>³</strong></span> <span class='ocrx_word' id='word_1_2' title='bbox 148 273 193 337; x_wconf 81' lang='lat'>24</span> <span class='ocrx_word' id='word_1_3' title='bbox 614 288 676 343; x_wconf 90' lang='lat'>110</span> 
     </span>
    </p>
   </div>
   <div class='ocr_carea' id='block_1_2' title="bbox 94 410 1057 2195">
    <p class='ocr_par' dir='ltr' id='par_1_2' title="bbox 94 410 1057 2195">
     <span class='ocr_line' id='line_1_2' title="bbox 96 410 966 496; baseline 0.011 -26"><span class='ocrx_word' id='word_1_4' title='bbox 96 416 130 470; x_wconf 82' lang='lat'>50</span> <span class='ocrx_word' id='word_1_5' title='bbox 189 410 296 474; x_wconf 89' lang='lat' dir='ltr'>militis</span> <span class='ocrx_word' id='word_1_6' title='bbox 314 412 346 474; x_wconf 89' lang='lat' dir='ltr'>iu</span> <span class='ocrx_word' id='word_1_7' title='bbox 364 410 501 476; x_wconf 85' lang='lat' dir='ltr'>tenebris</span> <span class='ocrx_word' id='word_1_8' title='bbox 519 421 654 496; x_wconf 84' lang='lat' dir='ltr'>occupat</span> <span class='ocrx_word' id='word_1_9' title='bbox 672 433 759 476; x_wconf 87' lang='lat' dir='ltr'>arma</span> <span class='ocrx_word' id='word_1_10' title='bbox 777 412 854 476; x_wconf 89' lang='lat' dir='ltr'>situs</span> <span class='ocrx_word' id='word_1_11' title='bbox 874 461 881 476; x_wconf 84' lang='lat'>.</span> <span class='ocrx_word' id='word_1_12' title='bbox 901 459 909 476; x_wconf 91' lang='lat'><strong>.</strong></span> <span class='ocrx_word' id='word_1_13' title='bbox 929 458 966 480; x_wconf 82' lang='lat'>..</span> 
     </span>
     <span class='ocr_line' id='line_1_3' title="bbox 146 503 924 591; baseline 0.004 -23"><span class='ocrx_word' id='word_1_14' title='bbox 146 505 282 569; x_wconf 88' lang='lat' dir='ltr'>rusticus</span> <span class='ocrx_word' id='word_1_15' title='bbox 301 527 318 569; x_wconf 90' lang='lat' dir='ltr'>e</span> <span class='ocrx_word' id='word_1_16' title='bbox 335 505 471 589; x_wconf 83' lang='lat' dir='ltr'>lucoque</span> <span class='ocrx_word' id='word_1_17' title='bbox 489 503 584 581; x_wconf 90' lang='lat' dir='ltr'>vehit,</span> <span class='ocrx_word' id='word_1_18' title='bbox 603 505 686 570; x_wconf 85' lang='lat' dir='ltr'>male</span> <span class='ocrx_word' id='word_1_19' title='bbox 703 504 828 569; x_wconf 89' lang='lat' dir='ltr'>sobrius</span> <span class='ocrx_word' id='word_1_20' title='bbox 845 507 924 591; x_wconf 88' lang='lat' dir='ltr'>ipse,</span> 
     </span>
     <span class='ocr_line' id='line_1_4' title="bbox 189 599 899 685; baseline -0.001 -21"><span class='ocrx_word' id='word_1_21' title='bbox 189 621 322 664; x_wconf 89' lang='lat' dir='ltr'>uxorem</span> <span class='ocrx_word' id='word_1_22' title='bbox 339 599 479 685; x_wconf 88' lang='lat' dir='ltr'>plaustro</span> <span class='ocrx_word' id='word_1_23' title='bbox 497 600 741 684; x_wconf 85' lang='lat' dir='ltr'>progeniemque</span> <span class='ocrx_word' id='word_1_24' title='bbox 759 599 899 663; x_wconf 90' lang='lat' dir='ltr'>domum.</span> 
     </span>
     <span class='ocr_line' id='line_1_5' title="bbox 148 693 1024 780; baseline 0.006 -23"><span class='ocrx_word' id='word_1_25' title='bbox 148 694 203 758; x_wconf 85' lang='lat' dir='ltr'>sed</span> <span class='ocrx_word' id='word_1_26' title='bbox 220 694 354 760; x_wconf 90' lang='lat' dir='ltr'>Veneris</span> <span class='ocrx_word' id='word_1_27' title='bbox 372 705 448 758; x_wconf 92' lang='lat' dir='ltr'>tunc</span> <span class='ocrx_word' id='word_1_28' title='bbox 465 693 550 759; x_wconf 91' lang='lat' dir='ltr'>bella</span> <span class='ocrx_word' id='word_1_29' title='bbox 567 694 680 770; x_wconf 86' lang='lat' dir='ltr'>calent,</span> <span class='ocrx_word' id='word_1_30' title='bbox 700 694 877 776; x_wconf 87' lang='lat' dir='ltr'>scissosque</span> <span class='ocrx_word' id='word_1_31' title='bbox 895 696 1024 780; x_wconf 84' lang='lat' dir='ltr'>capillos</span> 
     </span>
     <span class='ocr_line' id='line_1_6' title="bbox 188 787 896 874; baseline 0.001 -23"><span class='ocrx_word' id='word_1_32' title='bbox 188 788 307 853; x_wconf 81' lang='lat' dir='ltr'>femina</span> <span class='ocrx_word' id='word_1_33' title='bbox 324 788 497 874; x_wconf 82' lang='lat' dir='ltr'>perfractas</span> <span class='ocrx_word' id='word_1_34' title='bbox 515 787 780 871; x_wconf 76' lang='lat' dir='ltr'>conqueriturque</span> <span class='ocrx_word' id='word_1_35' title='bbox 798 788 896 857; x_wconf 86' lang='lat' dir='ltr'>fores:</span> 
     </span>
     <span class='ocr_line' id='line_1_7' title="bbox 95 882 948 968; baseline 0 -20"><span class='ocrx_word' id='word_1_36' title='bbox 95 895 129 949; x_wconf 85' lang='lat'>55</span> <span class='ocrx_word' id='word_1_37' title='bbox 146 884 200 947; x_wconf 88' lang='lat' dir='ltr'>flet</span> <span class='ocrx_word' id='word_1_38' title='bbox 217 893 341 947; x_wconf 87' lang='lat' dir='ltr'>teneras</span> <span class='ocrx_word' id='word_1_39' title='bbox 360 882 492 947; x_wconf 83' lang='lat' dir='ltr'>subtusa</span> <span class='ocrx_word' id='word_1_40' title='bbox 508 903 621 967; x_wconf 86' lang='lat' dir='ltr'>genas:</span> <span class='ocrx_word' id='word_1_41' title='bbox 640 882 698 946; x_wconf 87' lang='lat' dir='ltr'>sed</span> <span class='ocrx_word' id='word_1_42' title='bbox 715 883 815 948; x_wconf 85' lang='lat' dir='ltr'>victor</span> <span class='ocrx_word' id='word_1_43' title='bbox 832 884 948 968; x_wconf 87' lang='lat' dir='ltr'>etipse</span> 
     </span>
     <span class='ocr_line' id='line_1_8' title="bbox 189 976 879 1042; baseline -0.001 -1"><span class='ocrx_word' id='word_1_44' title='bbox 189 977 243 1042; x_wconf 87' lang='lat' dir='ltr'>flet</span> <span class='ocrx_word' id='word_1_45' title='bbox 261 977 322 1042; x_wconf 91' lang='lat' dir='ltr'>sibi</span> <span class='ocrx_word' id='word_1_46' title='bbox 340 977 502 1041; x_wconf 87' lang='lat' dir='ltr'>dementes</span> <span class='ocrx_word' id='word_1_47' title='bbox 519 988 583 1039; x_wconf 87' lang='lat' dir='ltr'>tam</span> <span class='ocrx_word' id='word_1_48' title='bbox 602 976 739 1041; x_wconf 84' lang='lat' dir='ltr'>valuisse</span> <span class='ocrx_word' id='word_1_49' title='bbox 756 999 879 1041; x_wconf 86' lang='lat' dir='ltr'>manus.</span> 
     </span>
     <span class='ocr_line' id='line_1_9' title="bbox 146 1070 954 1148; baseline 0 -13"><span class='ocrx_word' id='word_1_50' title='bbox 146 1083 178 1136; x_wconf 85' lang='lat' dir='ltr'>at</span> <span class='ocrx_word' id='word_1_51' title='bbox 194 1071 332 1137; x_wconf 84' lang='lat' dir='ltr'>lascivus</span> <span class='ocrx_word' id='word_1_52' title='bbox 350 1073 452 1135; x_wconf 88' lang='lat' dir='ltr'>Amor</span> <span class='ocrx_word' id='word_1_53' title='bbox 469 1070 557 1134; x_wconf 84' lang='lat' dir='ltr'>rixae</span> <span class='ocrx_word' id='word_1_54' title='bbox 575 1070 659 1134; x_wconf 91' lang='lat' dir='ltr'>mala</span> <span class='ocrx_word' id='word_1_55' title='bbox 675 1071 774 1136; x_wconf 87' lang='lat' dir='ltr'>verba</span> <span class='ocrx_word' id='word_1_56' title='bbox 790 1071 954 1148; x_wconf 82' lang='lat' dir='ltr'>ministrat,</span> 
     </span>
     <span class='ocr_line' id='line_1_10' title="bbox 186 1165 875 1249; baseline 0.001 -20"><span class='ocrx_word' id='word_1_57' title='bbox 186 1167 268 1231; x_wconf 90' lang='lat' dir='ltr'>inter</span> <span class='ocrx_word' id='word_1_58' title='bbox 286 1177 318 1231; x_wconf 90' lang='lat' dir='ltr'>et</span> <span class='ocrx_word' id='word_1_59' title='bbox 334 1166 450 1228; x_wconf 87' lang='lat' dir='ltr'>iratum</span> <span class='ocrx_word' id='word_1_60' title='bbox 467 1165 571 1230; x_wconf 86' lang='lat' dir='ltr'>lentus</span> <span class='ocrx_word' id='word_1_61' title='bbox 588 1175 759 1249; x_wconf 88' lang='lat' dir='ltr'>utrumque</span> <span class='ocrx_word' id='word_1_62' title='bbox 777 1165 875 1230; x_wconf 86' lang='lat' dir='ltr'>sedet.</span> 
     </span>
     <span class='ocr_line' id='line_1_11' title="bbox 145 1259 1024 1345; baseline -0.001 -21"><span class='ocrx_word' id='word_1_63' title='bbox 145 1277 174 1336; x_wconf 81' lang='lat' dir='ltr'>a,</span> <span class='ocrx_word' id='word_1_64' title='bbox 192 1260 272 1345; x_wconf 87' lang='lat' dir='ltr'>lapis</span> <span class='ocrx_word' id='word_1_65' title='bbox 290 1270 339 1324; x_wconf 91' lang='lat' dir='ltr'>est</span> <span class='ocrx_word' id='word_1_66' title='bbox 357 1259 549 1343; x_wconf 86' lang='lat' dir='ltr'>ferrumque,</span> <span class='ocrx_word' id='word_1_67' title='bbox 568 1282 658 1324; x_wconf 93' lang='lat' dir='ltr'>suam</span> <span class='ocrx_word' id='word_1_68' title='bbox 676 1259 869 1343; x_wconf 84' lang='lat' dir='ltr'>quicumque</span> <span class='ocrx_word' id='word_1_69' title='bbox 886 1259 1024 1345; x_wconf 86' lang='lat' dir='ltr'>puellam</span> 
     </span>
     <span class='ocr_line' id='line_1_12' title="bbox 94 1353 794 1438; baseline 0 -21"><span class='ocrx_word' id='word_1_70' title='bbox 94 1364 128 1417; x_wconf 89' lang='grc'>60</span> <span class='ocrx_word' id='word_1_71' title='bbox 188 1355 346 1419; x_wconf 86' lang='lat' dir='ltr'>verberat:</span> <span class='ocrx_word' id='word_1_72' title='bbox 366 1377 384 1418; x_wconf 91' lang='lat' dir='ltr'>e</span> <span class='ocrx_word' id='word_1_73' title='bbox 402 1354 489 1418; x_wconf 89' lang='lat' dir='ltr'>caelo</span> <span class='ocrx_word' id='word_1_74' title='bbox 506 1354 621 1438; x_wconf 85' lang='lat' dir='ltr'>deripit</span> <span class='ocrx_word' id='word_1_75' title='bbox 638 1353 691 1418; x_wconf 90' lang='lat' dir='ltr'>ille</span> <span class='ocrx_word' id='word_1_76' title='bbox 709 1354 794 1419; x_wconf 86' lang='lat' dir='ltr'>deos.</span> 
     </span>
     <span class='ocr_line' id='line_1_13' title="bbox 145 1446 969 1526; baseline 0 -13"><span class='ocrx_word' id='word_1_77' title='bbox 145 1449 185 1513; x_wconf 85' lang='lat' dir='ltr'>sit</span> <span class='ocrx_word' id='word_1_78' title='bbox 202 1446 313 1512; x_wconf 51' lang='lat' dir='ltr'>satis‘e</span> <span class='ocrx_word' id='word_1_79' title='bbox 331 1448 481 1512; x_wconf 83' lang='lat' dir='ltr'>membris</span> <span class='ocrx_word' id='word_1_80' title='bbox 499 1460 627 1512; x_wconf 87' lang='lat' dir='ltr'>tenuem</span> <span class='ocrx_word' id='word_1_81' title='bbox 644 1448 819 1512; x_wconf 76' lang='lat' dir='ltr'>rescindere</span> <span class='ocrx_word' id='word_1_82' title='bbox 837 1459 969 1526; x_wconf 87' lang='lat' dir='ltr'>vestem,</span> 
     </span>
     <span class='ocr_line' id='line_1_14' title="bbox 188 1541 806 1619; baseline 0 -13"><span class='ocrx_word' id='word_1_83' title='bbox 188 1542 227 1606; x_wconf 90' lang='lat' dir='ltr'>sit</span> <span class='ocrx_word' id='word_1_84' title='bbox 246 1542 321 1606; x_wconf 86' lang='lat' dir='ltr'>satis</span> <span class='ocrx_word' id='word_1_85' title='bbox 340 1554 468 1606; x_wconf 86' lang='lat' dir='ltr'>ornatus</span> <span class='ocrx_word' id='word_1_86' title='bbox 487 1541 668 1606; x_wconf 88' lang='lat' dir='ltr'>dissoluisse</span> <span class='ocrx_word' id='word_1_87' title='bbox 687 1563 806 1619; x_wconf 88' lang='lat' dir='ltr'>comae,</span> 
     </span>
     <span class='ocr_line' id='line_1_15' title="bbox 145 1636 943 1719; baseline 0.001 -20"><span class='ocrx_word' id='word_1_88' title='bbox 145 1637 185 1699; x_wconf 93' lang='lat' dir='ltr'>sit</span> <span class='ocrx_word' id='word_1_89' title='bbox 202 1637 348 1701; x_wconf 80' lang='lat' dir='ltr'>lacrimas</span> <span class='ocrx_word' id='word_1_90' title='bbox 366 1637 503 1700; x_wconf 87' lang='lat' dir='ltr'>movisse</span> <span class='ocrx_word' id='word_1_91' title='bbox 522 1636 611 1700; x_wconf 85' lang='lat' dir='ltr'>satis:</span> <span class='ocrx_word' id='word_1_92' title='bbox 630 1648 742 1719; x_wconf 86' lang='lat' dir='ltr'>quater</span> <span class='ocrx_word' id='word_1_93' title='bbox 759 1636 813 1701; x_wconf 86' lang='lat' dir='ltr'>ille</span> <span class='ocrx_word' id='word_1_94' title='bbox 830 1636 943 1701; x_wconf 88' lang='lat' dir='ltr'>beatus</span> 
     </span>
     <span class='ocr_line' id='line_1_16' title="bbox 187 1731 823 1815; baseline -0.003 -21"><span class='ocrx_word' id='word_1_95' title='bbox 187 1753 250 1814; x_wconf 88' lang='lat' dir='ltr'>quc</span> <span class='ocrx_word' id='word_1_96' title='bbox 268 1742 376 1794; x_wconf 89' lang='lat' dir='ltr'>tenera</span> <span class='ocrx_word' id='word_1_97' title='bbox 393 1731 471 1794; x_wconf 90' lang='lat' dir='ltr'>irato</span> <span class='ocrx_word' id='word_1_98' title='bbox 489 1732 564 1794; x_wconf 87' lang='lat' dir='ltr'>flere</span> <span class='ocrx_word' id='word_1_99' title='bbox 581 1731 689 1815; x_wconf 84' lang='lat' dir='ltr'>puella</span> <span class='ocrx_word' id='word_1_100' title='bbox 710 1741 823 1815; x_wconf 89' lang='lat' dir='ltr'>potest.</span> 
     </span>
     <span class='ocr_line' id='line_1_17' title="bbox 94 1823 1057 1907; baseline 0.003 -22"><span class='ocrx_word' id='word_1_101' title='bbox 94 1831 128 1885; x_wconf 78' lang='lat'>65</span> <span class='ocrx_word' id='word_1_102' title='bbox 145 1825 201 1889; x_wconf 92' lang='lat' dir='ltr'>sed</span> <span class='ocrx_word' id='word_1_103' title='bbox 219 1825 364 1888; x_wconf 88' lang='lat' dir='ltr'>manibus</span> <span class='ocrx_word' id='word_1_104' title='bbox 382 1824 437 1907; x_wconf 93' lang='lat' dir='ltr'>qui</span> <span class='ocrx_word' id='word_1_105' title='bbox 455 1845 568 1888; x_wconf 87' lang='lat' dir='ltr'>saevus</span> <span class='ocrx_word' id='word_1_106' title='bbox 587 1823 654 1903; x_wconf 86' lang='lat' dir='ltr'>erit,</span> <span class='ocrx_word' id='word_1_107' title='bbox 677 1834 865 1906; x_wconf 89' lang='lat' dir='ltr'>scutumque</span> <span class='ocrx_word' id='word_1_108' title='bbox 883 1823 1057 1906; x_wconf 88' lang='lat' dir='ltr'>sudemque</span> 
     </span>
     <span class='ocr_line' id='line_1_18' title="bbox 187 1917 831 2004; baseline 0.002 -23"><span class='ocrx_word' id='word_1_109' title='bbox 187 1920 214 1981; x_wconf 89' lang='lat' dir='ltr'>is</span> <span class='ocrx_word' id='word_1_110' title='bbox 231 1931 321 2004; x_wconf 84' lang='lat' dir='ltr'>gerat</span> <span class='ocrx_word' id='word_1_111' title='bbox 339 1929 370 1982; x_wconf 88' lang='lat' dir='ltr'>et</span> <span class='ocrx_word' id='word_1_112' title='bbox 386 1917 456 1980; x_wconf 87' lang='lat' dir='ltr'>miti</span> <span class='ocrx_word' id='word_1_113' title='bbox 473 1917 513 2000; x_wconf 85' lang='lat' dir='ltr'>sit</span> <span class='ocrx_word' id='word_1_114' title='bbox 530 1917 640 2001; x_wconf 90' lang='lat' dir='ltr'>procul</span> <span class='ocrx_word' id='word_1_115' title='bbox 658 1940 678 1981; x_wconf 88' lang='lat' dir='ltr'>a</span> <span class='ocrx_word' id='word_1_116' title='bbox 693 1918 831 1983; x_wconf 84' lang='lat' dir='ltr'>Venere.</span> 
     </span>
     <span class='ocr_line' id='line_1_19' title="bbox 145 2010 910 2097; baseline 0.001 -22"><span class='ocrx_word' id='word_1_117' title='bbox 145 2024 177 2076; x_wconf 89' lang='lat' dir='ltr'>at</span> <span class='ocrx_word' id='word_1_118' title='bbox 194 2013 294 2088; x_wconf 87' lang='lat' dir='ltr'>uobis,</span> <span class='ocrx_word' id='word_1_119' title='bbox 311 2035 374 2097; x_wconf 90' lang='lat' dir='ltr'>pax</span> <span class='ocrx_word' id='word_1_120' title='bbox 392 2010 485 2087; x_wconf 87' lang='lat' dir='ltr'>alma,</span> <span class='ocrx_word' id='word_1_121' title='bbox 503 2011 576 2090; x_wconf 76' lang='lat' dir='ltr'>veni</span> <span class='ocrx_word' id='word_1_122' title='bbox 594 2011 776 2096; x_wconf 88' lang='lat' dir='ltr'>spicamque</span> <span class='ocrx_word' id='word_1_123' title='bbox 794 2021 910 2088; x_wconf 87' lang='lat' dir='ltr'>teneto,</span> 
     </span>
     <span class='ocr_line' id='line_1_20' title="bbox 187 2098 866 2195; baseline 0 -25"><span class='ocrx_word' id='word_1_124' title='bbox 187 2107 321 2191; x_wconf 86' lang='lat' dir='ltr'>perfluat</span> <span class='ocrx_word' id='word_1_125' title='bbox 339 2117 370 2195; x_wconf 80' lang='lat' dir='ltr'>et</span> <span class='ocrx_word' id='word_1_126' title='bbox 387 2105 489 2191; x_wconf 87' lang='lat' dir='ltr'>pomis</span> <span class='ocrx_word' id='word_1_127' title='bbox 507 2098 660 2170; x_wconf 77' lang='lat' dir='ltr'>candidus</span> <span class='ocrx_word' id='word_1_128' title='bbox 678 2117 751 2171; x_wconf 86' lang='lat' dir='ltr'>ante</span> <span class='ocrx_word' id='word_1_129' title='bbox 770 2107 866 2171; x_wconf 81' lang='lat' dir='ltr'>sinus.</span> 
     </span>
    </p>
   </div>
   <div class='ocr_carea' id='block_1_3' title="bbox 0 0 1284 4402">
    <p class='ocr_par' dir='ltr' id='par_1_3' title="bbox 0 0 1284 4402">
     <span class='ocr_line' id='line_1_21' title="bbox 0 0 1284 4402; baseline 0 0"><span class='ocrx_word' id='word_1_130' title='bbox 0 0 1284 4402; x_wconf 95' lang='lat' dir='ltr'> </span> 
     </span>
    </p>
   </div>
  </div>
 </body>
</html>
