2566 4448
151 140 172 207 8
633 155 649 210 1
666 144 684 210 8

117 278 321 354 substinens,
340 299 424 342 mors
443 286 521 354 atra,
540 299 665 363 precor:
684 301 746 343 non
765 279 816 344 hic
833 279 910 344 mihi
927 291 1028 347 mater

193 395 275 456 quae
293 374 379 458 legat
395 372 429 436 in
446 382 582 437 maestos
600 395 672 437 essa
688 385 817 457 perusta
834 375 931 453 rinus,

152 489 216 531 non
234 489 332 543 soror,
352 467 502 551 Assyrios
520 467 617 532 cineri
634 488 716 550 quae
735 468 829 532 dedat
847 471 958 535 odores

195 573 226 626 et
243 562 316 626 fleat
335 561 443 626 effusis
461 571 534 626 ante
551 561 697 646 sepulcra
714 563 821 639 comis,

150 655 245 720 Delia
262 679 325 719 non
344 676 489 739 usquam,
508 676 591 738 quae
609 678 660 720 me
677 677 751 719 cum
768 657 905 722 mitteret
921 658 1011 737 urbe,

99 762 134 815 10
193 749 307 814 dicitur
325 761 398 814 ante
416 771 526 814 omnes
544 749 740 814 consuluisse
757 750 842 815 deos.

149 844 205 908 illa
223 866 328 908 sacras
345 843 436 929 pueri
453 853 552 908 sortes
570 854 618 909 ter
635 843 775 909 sustulit:
793 844 840 909 illi

192 938 311 1002 rettulit
329 960 346 1002 e
363 937 462 1001 triviis
481 937 587 1002 omina
605 947 690 1002 certa
707 961 797 1022 puer.

155 1044 268 1096 cuncta
286 1032 404 1095 dabant
421 1030 554 1095 reditus:
573 1042 679 1096 tamen
697 1043 745 1096 est
763 1032 911 1097 deterrita
927 1054 1110 1117 numquam,

193 1127 270 1210 quin
287 1127 376 1190 fleret
392 1135 515 1190 nostras
533 1138 746 1211 respueretque
765 1127 843 1191 vias.

99 1232 134 1287 15
150 1220 218 1305 ipse
236 1241 297 1305 ego
314 1219 441 1295 solator,
460 1241 534 1284 cum
550 1218 613 1283 iam
631 1220 781 1284 mandata
799 1220 965 1299 dedissem,

193 1313 384 1398 quaerebam
402 1313 508 1377 tardas
525 1313 638 1378 anxius
656 1335 757 1398 usque
775 1337 889 1378 moras.

151 1421 205 1472 aut
223 1430 283 1492 ego
302 1430 373 1471 sum
391 1418 538 1471 causatus
557 1429 632 1471 aves
650 1419 706 1472 aut
723 1408 830 1472 omina
848 1409 926 1487 dira,

195 1499 385 1586 Saturni<ve>
403 1522 526 1565 sacram
542 1523 595 1566 me
612 1501 751 1567 tenuisse
770 1503 863 1568 diem.

152 1618 170 1660 ο
189 1596 334 1680 quotiens
351 1594 513 1682 ingressus
530 1595 590 1660 iter
606 1596 684 1659 mihi
701 1597 802 1661 tristia
820 1597 886 1661 dixi

98 1702 133 1757 20
193 1690 350 1754 offensum
366 1689 400 1753 in
421 1700 513 1775 porta
530 1690 622 1776 signa
640 1690 764 1755 dedisse
782 1690 910 1776 pedem!

151 1784 266 1849 audeat
283 1784 381 1849 invito
398 1806 439 1848 ne
457 1784 527 1867 quis
546 1784 707 1848 discedere
724 1785 856 1861 Amore,
885 1807 889 1817 ·

192 1889 248 1943 aut
265 1879 343 1943 sciat
361 1900 525 1962 egressum
544 1900 577 1941 se
594 1877 780 1961 prohibente
798 1877 868 1942 dec.

150 1972 227 2057 quid
244 1984 299 2037 tua
315 1994 401 2036 nunc
419 1971 479 2035 Isis
497 1970 589 2047 mihi,
608 1970 714 2046 Delia,
733 1971 810 2054 quid
827 1970 906 2035 mihi
923 1980 1055 2057 prosunt

192 2068 246 2131 illa
262 2077 318 2130 tua
335 2067 450 2131 totiens
468 2087 542 2130 aera
559 2065 688 2149 repulsa
704 2088 812 2142 manu,

98 2177 133 2231 25
150 2161 277 2244 quidve,
294 2159 347 2245 pie
364 2160 441 2223 dum
459 2180 548 2224 sacra
566 2158 653 2234 colis,
671 2180 813 2242 pureque
829 2158 928 2223 lavari

192 2265 223 2319 te
241 2291 283 2300 -—
301 2253 431 2318 memini
448 2291 491 2300 -
508 2263 540 2318 et
557 2274 636 2338 puro
655 2253 838 2318 secubuisse
856 2254 944 2318 toro?

149 2371 244 2426 nunc,
263 2348 333 2426 dea,
350 2370 435 2414 nunc
452 2369 600 2412 succurre
616 2345 708 2410 mihi:
726 2371 801 2412 nam
819 2370 912 2433 posse
930 2347 1049 2413 mederi

191 2443 276 2529 picta
294 2443 386 2508 docet
403 2441 528 2527 templis
545 2441 646 2505 multa
663 2440 781 2506 tabella
798 2443 875 2507 tuis:

149 2550 185 2601 ut
201 2560 274 2601 mea
290 2537 413 2601 votivas
432 2536 614 2621 persolvens
631 2534 727 2599 Delia
744 2557 838 2600 voces

99 2637 133 2692 30
193 2642 266 2696 ante
284 2653 390 2695 sacras
407 2629 472 2693 lino
490 2638 573 2694 tecta
589 2628 673 2692 fores
692 2628 801 2692 sedeat

148 2726 261 2808 bisque
279 2724 330 2788 die
347 2723 486 2788 resoluta
503 2744 608 2787 comas
626 2720 686 2784 tibi
703 2721 808 2787 dicere
826 2720 935 2787 laudes

190 2817 324 2902 insignis
342 2817 436 2880 turba
454 2816 567 2880 debeat
583 2816 617 2879 in
634 2813 763 2879 Pharia.

149 2925 182 2977 at
198 2912 277 2976 mihi
294 2911 456 2996 contingat
471 2909 588 2994 patrios
606 2908 764 2974 celebrare
782 2918 911 2993 penates

85 3074 117 3089 „„
190 3006 384 3088 reddereque
402 3003 531 3087 antiquo
549 3013 711 3067 menstrua
728 3014 800 3067 tura
817 3002 883 3066 lari.

97 3117 131 3171 35
149 3123 245 3184 quam
263 3100 343 3164 bene
364 3097 501 3162 Saturno
520 3096 670 3162 vivebant
687 3118 773 3180 rege,
791 3096 990 3181 priusquam

190 3195 282 3258 tellus
300 3193 333 3258 in
350 3194 461 3278 longas
479 3201 527 3256 est
544 3190 704 3276 patefacta
719 3189 805 3254 'viasi

147 3287 288 3352 nondum
306 3287 466 3353 caeruleas
483 3286 576 3371 pinus
595 3294 825 3370 contempserat
843 3284 955 3361 undas,

190 3381 326 3446 effusum
343 3381 444 3445 ventis
462 3379 713 3465 praebueratque
731 3379 844 3454 sinum,

41 3545 49 3555 ,
147 3498 206 3541 nec
223 3498 324 3559 vagus
342 3474 459 3559 ignotis
476 3485 621 3559 repetens
640 3473 828 3558 compendia
845 3471 935 3537 terris

96 3587 131 3641 40
189 3579 346 3655 presserat
365 3578 495 3632 externa
511 3568 620 3633 navita
637 3589 742 3632 merce
760 3576 869 3630 ratem.

146 3664 199 3728 illo
217 3686 281 3728 non
299 3661 422 3726 validus
440 3661 537 3725 subiit
554 3661 630 3747 iuga
647 3673 790 3746 tempore
806 3672 926 3738 taurus,

188 3780 251 3822 non
270 3755 387 3821 domito
405 3755 511 3819 frenos
529 3775 583 3819 ore
600 3755 770 3819 momordit
788 3776 900 3837 equus,

145 3875 209 3916 non
227 3852 338 3916 domus
356 3851 422 3916 ulla
438 3849 523 3914 fores
540 3848 661 3926 habuit,
678 3871 742 3912 nen
759 3849 842 3912 fixus
859 3848 893 3911 in
911 3844 1005 3931 agris,

188 3945 243 4029 qui
261 3958 384 4030 regeret
403 3944 497 4009 certis
515 3943 630 4008 finibus
649 3966 735 4020 arva,
753 3941 843 4027 lapis.
