2566 4448
555 208 589 270 11·
601 215 657 271 116

98 343 175 400 tunc
190 332 345 402 Messalla
361 358 453 401 mens
469 337 522 422 pia
539 337 593 403 det
611 337 792 423 spectacula
809 337 921 403 turbae

141 440 172 493 et
189 431 320 515 plaudat
338 453 433 496 curru
449 441 670 516 praetereunte
687 441 786 517 pater.

99 522 217 589 adnue:
237 524 282 589 111
300 525 359 589 tibi
376 525 439 590 sint
454 525 580 604 intonsi,
598 526 741 603 Phoebe,
759 525 875 611 capilli,

140 618 187 683 sic
203 629 259 684 tua
275 628 429 705 perpetuo
447 619 487 686 sit
503 620 562 686 tibi
580 633 668 686 casta
685 641 783 686 soror.

528 809 688 824 —-

578 970 638 1037 VI.

100 1086 212 1152 Castra
228 1088 341 1154 Macer
359 1089 514 1172 sequitur:
532 1099 641 1154 tenero
658 1090 738 1174 quid
753 1091 808 1156 fiet
825 1089 957 1155 Amori?
1064 1158 1068 1163 ,

142 1181 181 1245 sit
199 1205 305 1247 comes
324 1194 356 1248 et
373 1183 454 1248 collo
472 1182 595 1248 fortiter
612 1206 700 1248 arma
717 1185 826 1269 gerat?

99 1285 130 1340 et
147 1298 203 1341 seu
220 1277 317 1362 longa
333 1276 437 1342 virum
455 1288 557 1342 terrae
574 1277 627 1342 via
644 1300 702 1343 seu
719 1301 803 1364 vaga
820 1279 936 1344 ducent

141 1391 288 1453 aequora,
308 1391 382 1435 cum
400 1371 471 1436 telis
489 1371 631 1436 adlatus
648 1372 695 1436 ire
712 1373 816 1438 volet?

97 1484 164 1540 ure,
182 1485 271 1548 puer,
290 1484 419 1546 quaeso,
436 1475 493 1529 tua
510 1464 565 1547 qui
582 1463 668 1530 ferus
687 1465 751 1529 otia
768 1465 870 1549 liquit,

141 1566 236 1639 atque
253 1557 368 1621 iterum
388 1580 531 1623 erronem
549 1558 609 1623 sub
626 1569 682 1624 tua
699 1559 790 1645 signa
807 1581 896 1624 voca.

98 1650 185 1732 quod
201 1649 228 1715 si
245 1650 398 1717 militibus
416 1674 537 1738 parces,
556 1651 616 1717 erit
633 1651 685 1717 1111
702 1674 829 1737 quoque
847 1654 948 1731 miles,

140 1745 209 1829 ipse
225 1745 330 1810 levem
348 1746 440 1832 galea
457 1746 512 1831 qui
530 1746 590 1811 sibi
607 1757 711 1832 portet
728 1768 852 1830 aquam.

98 1849 201 1904 castra
217 1852 301 1925 peto,
318 1842 486 1925 valeatque
504 1841 617 1908 Venus
634 1842 825 1926 valeantque
842 1842 981 1927 puellae:
995 1860 997 1865 ’

139 1944 171 2000 et
188 1934 267 1998 mihi
284 1946 358 2000 sunt
374 1936 469 2013 vires,
485 1946 518 2001 et
534 1935 616 2000 mihi
629 1936 715 2001 facta
732 1937 809 2002 tuba
826 1947 883 2002 est.

97 2050 215 2114 magna
231 2029 354 2112 loquor,
371 2030 428 2095 sed
445 2030 614 2115 magnifice
631 2031 709 2095 mihi
725 2053 842 2116 magna
859 2032 965 2096 locuto

140 2123 303 2187 excutiunt
321 2124 447 2189 clausae
464 2124 559 2189 fortia
576 2125 675 2189 verba
692 2124 786 2191 fores.

98 2214 200 2280 iuravi
217 2217 362 2299 quotiens
379 2218 555 2282 rediturum
572 2218 614 2282 ad
630 2218 741 2284 limina
757 2218 946 2302 numquam!
989 2290 993 2299 ,

141 2333 214 2375 cum
230 2309 313 2376 bene
330 2311 442 2388 iuravi,
460 2335 517 2398 pes
534 2322 642 2376 tamon
659 2312 728 2398 ipse
745 2313 836 2378 redit.

98 2426 171 2470 acer
187 2404 300 2482 Amor,
319 2404 436 2469 fractas
453 2405 575 2469 utinam
593 2416 649 2469 tua
666 2406 730 2470 tela
747 2407 889 2491 sagittas,

141 2497 269 2575 silicet,
288 2498 459 2563 exstinctas
478 2498 693 2584 aspiciamque
710 2498 810 2564 111111

39 2610 41 2615 ’
97 2605 133 2657 tu
148 2591 299 2657 miserum
317 2603 458 2676 torques,
476 2603 512 2656 tu
528 2615 581 2658 1111
598 2592 676 2656 mihi
694 2593 762 2657 dira
779 2593 901 2679 precari
949 2603 966 2675 ,s

140 2687 227 2772 cogis
246 2698 277 2752 et
293 2686 406 2751 insana
422 2696 528 2752 mente
545 2686 685 2752 nefanda
702 2687 799 2769 loqui.

97 2779 161 2843 iam
177 2781 263 2846 mala
279 2780 419 2846 finissem
435 2781 510 2858 leto,
527 2780 584 2846 sed
602 2781 731 2846 credula
748 2780 847 2846 vitam
922 2789 927 2795 '

141 2896 212 2959 spes
228 2875 316 2940 fovet
333 2886 365 2940 et
381 2875 450 2940 lore
468 2897 537 2940 1111
555 2897 680 2961 semper
698 2875 742 2940 ait
759 2875 896 2942 melius..

99 2990 170 3053 spes
188 2969 243 3032 alit
260 2969 426 3055 agricolas,
445 2992 517 3054 spes
536 2969 632 3034 sulcis
650 2969 750 3034 credit
767 2967 863 3034 aratis

141 3062 271 3139 semina,
290 3086 372 3147 quae
390 3085 509 3149 magno
525 3062 635 3128 fenore
651 3063 765 3129 reddat
783 3085 873 3149 ager:

98 3157 177 3222 haec
193 3156 306 3239 laqueo
325 3157 478 3236 volucres,
497 3158 576 3224 haec
594 3168 701 3243 captat
718 3157 872 3222 arundine
890 3156 1002 3242 pisces,

140 3272 214 3316 cum
231 3261 344 3316 tenues
358 3251 469 3316 hamos
488 3252 610 3316 abdidit
628 3263 701 3317 ante
719 3251 823 3315 cibus:

97 3369 169 3432 spes
188 3344 282 3410 etiam
298 3346 404 3410 valida
422 3346 540 3410 solatur
557 3345 709 3430 compede
727 3345 884 3409 vinctumz

139 3462 232 3506 crura
250 3450 362 3504 sonant
379 3440 475 3516 ferro,
494 3440 551 3505 sed
569 3440 654 3504 canit
670 3439 752 3504 inter
769 3459 865 3524 opus:

97 3557 169 3621 spes
186 3532 312 3599 facilem
329 3533 492 3599 Nemesim
509 3533 643 3619 spondet
659 3531 747 3609 mihi,
766 3533 822 3598 sed
839 3544 935 3618 negat
950 3531 1015 3596 illa.
1084 3522 1094 3655 j

139 3629 169 3694 11
186 3628 274 3705 mihi,
293 3628 468 3705 1111111111,
488 3627 568 3692 dura
584 3626 700 3711 puella,
720 3627 822 3692 deam.

96 3745 200 3808 parce,
218 3745 276 3809 per
292 3723 461 3786 immatura
478 3732 551 3786 tuae
569 3743 680 3806 precor
697 3743 769 3786 ossa
788 3720 916 3785 sororis:

140 3817 184 3882 sic
200 3817 283 3883 bene
301 3816 361 3881 sub
380 3827 489 3881 tenera
505 3838 606 3901 parva
622 3815 766 3898 quiescat
783 3814 891 3880 humo.

97 3909 153 3975 illa
169 3910 246 3974 mihi
264 3922 373 3976 sancta
390 3920 447 3987 est,
465 3910 549 3974 illius
568 3910 651 3973 dona
669 3910 812 3995 sepulcro

141 4014 172 4070 et
188 4004 367 4071 madefacta
384 4004 464 4071 meis
483 4015 566 4070 serta
582 4003 687 4069 feram
700 4002 859 4078 lacrimis,
942 4094 980 4148 Q
