2566 4448
369 797 560 882 LIBER
585 798 863 881 TERTIUS.

602 1055 631 1120 Ι.

107 1207 222 1273 Martis
240 1209 378 1274 Romani
394 1208 494 1273 festae
512 1230 628 1273 venere
645 1206 813 1273 kalendae:

152 1303 296 1368 exoriens
314 1303 429 1367 nostris
447 1302 499 1367 hio
517 1302 578 1366 fuit
596 1324 697 1366 annus
715 1302 796 1366 avis:

107 1408 139 1462 et
156 1420 239 1482 vaga
257 1419 342 1461 nune
360 1407 445 1461 certa
463 1397 643 1461 discurrunt
660 1396 800 1478 undique
818 1418 936 1482 pompa

149 1513 269 1575 perque
286 1491 354 1554 vias
372 1491 459 1555 urbis
476 1513 610 1555 munera
627 1510 747 1575 perque
765 1490 885 1554 domos.

108 1583 211 1659 dieite,
229 1584 383 1662 Pierides,
401 1606 541 1668 quonam
559 1585 693 1649 donetur
710 1584 828 1648 honore

150 1701 206 1743 seu
223 1702 305 1757 mea,
324 1703 381 1745 seu
398 1679 500 1757 fallor,
520 1702 594 1744 oara
610 1678 736 1743 Neaera
753 1690 869 1743 tamen.

107 1773 245 1838 carmine
263 1774 431 1850 formosae,
449 1774 550 1860 pretio
568 1774 736 1859 capiuntur
754 1796 881 1837 avarae:

150 1869 298 1954 gaudeat,
316 1880 352 1933 ut
370 1869 467 1954 digna
484 1880 540 1944 est,
559 1868 702 1933 versibus
720 1868 775 1932 illa
792 1867 881 1932 meis.

106 1961 193 2027 lutea
210 1963 267 2027 sed
284 1963 412 2029 niveum
428 1963 570 2028 involvat
587 1963 773 2028 membrana
790 1962 943 2038 libellum,

145 2080 260 2141 pumen
278 2068 309 2121 et
327 2080 421 2122 sanas
439 2057 570 2122 tondeat
587 2069 659 2136 ante
678 2079 784 2122 eomas

108 2171 295 2233 summaque
312 2162 475 2234 praetexat
491 2151 595 2216 tenuis
613 2151 740 2235 fastigia
758 2150 894 2227 ohartae,

149 2243 267 2308 indieet
285 2255 321 2307 ut
338 2266 454 2308 nomen
471 2243 575 2308 littera
591 2243 677 2308 faeta
694 2267 801 2320 meum,

107 2348 204 2423 atque
220 2338 302 2403 inter
319 2339 462 2424 geminas
479 2339 651 2424 pingantur
668 2359 787 2402 cornua
804 2337 937 2402 frontes:

150 2433 195 2498 sio
213 2433 330 2498 etenim
347 2443 509 2518 eomptum
526 2432 650 2498 mittere
667 2442 791 2517 oportet
809 2453 898 2516 opus.

107 2549 164 2612 per
181 2548 248 2603 vos,
266 2536 410 2607 auctores
427 2526 522 2591 huius
539 2525 618 2590 mihi
635 2525 792 2601 carminis,
811 2547 866 2589 oro

151 2619 389 2706 Castaliamque
406 2621 552 2686 umbram
570 2619 757 2704 Pieriosque
774 2621 872 2697 lacus,

107 2713 151 2779 ite
168 2715 298 2780 domum
317 2715 500 2798 cultumque
516 2714 563 2778 illi
580 2715 695 2779 donate
712 2714 865 2791 libellum,

151 2808 232 2873 siout
249 2809 321 2875 erit:
342 2809 449 2874 nullus
468 2809 586 2873 defluat
602 2808 676 2873 inde
694 2808 788 2872 oolor.

108 2901 163 2965 illa
180 2902 258 2966 mihi
274 2903 399 2978 referet,
417 2902 445 2966 si
462 2901 560 2966 nostri
577 2912 688 2967 mutua
706 2924 782 2966 eura
799 2913 857 2979 est,

151 3019 192 3059 an
209 2995 321 3073 minor,
339 3019 380 3060 an
398 3007 464 3059 toto
481 3005 609 3081 peotore
627 2995 807 3061 deciderim.

108 3089 165 3155 sed
182 3089 318 3175 primum
336 3089 482 3154 meritam
498 3090 588 3174 larga
606 3091 721 3154 donate
739 3090 840 3154 salute

73 3242 76 3249 .
150 3194 246 3267 atque
263 3183 342 3248 haee
360 3183 516 3248 submisso
535 3184 629 3249 dioite
647 3184 745 3249 verba
761 3204 853 3247 sono:

107 3278 203 3344 ‘haee
221 3277 279 3342 tibi
296 3278 344 3342 vir
361 3279 531 3361 quondam,
549 3272 635 3360 nune
651 3278 759 3352 frater,
779 3288 866 3341 easta
883 3276 1018 3352 Neaera,

149 3372 245 3436 mittit
263 3382 295 3436 et
311 3372 447 3458 aooipias
465 3394 597 3437 munera
615 3393 715 3456 parva
730 3382 832 3455 rogat,

107 3476 202 3550 teque
221 3465 286 3530 suis
304 3466 387 3530 iurat
405 3488 511 3531 earam
528 3465 630 3550 magis
649 3486 718 3530 esse
735 3464 891 3542 medullis,

151 3560 217 3625 sive
236 3559 297 3624 sibi
314 3559 452 3624 coniunx
471 3559 537 3623 sive
554 3559 661 3622 futura
679 3580 780 3622 soror:

109 3653 164 3719 sed
181 3653 286 3740 potius
305 3653 457 3718 coniunx:
476 3653 570 3717 huius
588 3675 678 3738 spem
695 3652 830 3716 nominis
848 3651 893 3716 illi

152 3747 272 3813 auferet
290 3747 445 3813 exstineto
462 3746 581 3834 pallida
598 3745 685 3811 Ditis
703 3745 806 3830 aqua'
843 3812 846 3816 .
