<?xml version="1.0" encoding="UTF-8"?>
<!DOCTYPE html PUBLIC "-//W3C//DTD XHTML 1.0 Transitional//EN"
    "http://www.w3.org/TR/xhtml1/DTD/xhtml1-transitional.dtd">
<html xmlns="http://www.w3.org/1999/xhtml" xml:lang="en" lang="en">
 <head>
  <title>
</title>
<meta http-equiv="Content-Type" content="text/html;charset=utf-8" />
  <meta name='ocr-system' content='tesseract 3.04.00' />
  <meta name='ocr-capabilities' content='ocr_page ocr_carea ocr_par ocr_line ocrx_word'/>
</head>
<body>
  <div class='ocr_page' id='page_1' title='image "./albiitibulliele00hillgoog_0082.png"; bbox 0 0 2566 4448; ppageno 0'>
   <div class='ocr_carea' id='block_1_1' title="bbox 42 175 770 281">
    <p class='ocr_par' dir='ltr' id='par_1_1' title="bbox 42 175 770 281">
     <span class='ocr_line' id='line_1_1' title="bbox 42 175 770 281; baseline 0.011 -30"><span class='ocrx_word' id='word_1_1' title='bbox 42 277 45 281; x_wconf 14' lang='grc' dir='ltr'>Ι</span> <span class='ocrx_word' id='word_1_2' title='bbox 166 175 211 253; x_wconf 67' lang='grc'>54</span> <span class='ocrx_word' id='word_1_3' title='bbox 536 220 539 229; x_wconf 78' lang='lat'>‚</span> <span class='ocrx_word' id='word_1_4' title='bbox 574 200 770 271; x_wconf 71' lang='lat' dir='ltr'>moure)</span> 
     </span>
    </p>
   </div>
   <div class='ocr_carea' id='block_1_2' title="bbox 43 378 713 475">
    <p class='ocr_par' dir='ltr' id='par_1_2' title="bbox 43 378 713 475">
     <span class='ocr_line' id='line_1_2' title="bbox 43 378 713 475; baseline 0.001 -16"><span class='ocrx_word' id='word_1_5' title='bbox 43 470 46 475; x_wconf 49' lang='grc'><strong>,</strong></span> <span class='ocrx_word' id='word_1_6' title='bbox 97 404 165 462; x_wconf 77' lang='lat' dir='ltr'>1vc</span> <span class='ocrx_word' id='word_1_7' title='bbox 403 378 406 383; x_wconf 80' lang='grc'><strong><em>’</em></strong></span> <span class='ocrx_word' id='word_1_8' title='bbox 630 393 713 460; x_wconf 86' lang='lat' dir='ltr'>xu.</span> 
     </span>
    </p>
   </div>
   <div class='ocr_carea' id='block_1_3' title="bbox 36 505 1091 2366">
    <p class='ocr_par' dir='ltr' id='par_1_3' title="bbox 36 505 1091 2366">
     <span class='ocr_line' id='line_1_3' title="bbox 206 505 934 600; baseline 0.01 -25"><span class='ocrx_word' id='word_1_9' title='bbox 206 511 329 576; x_wconf 84' lang='lat' dir='ltr'>Natalis</span> <span class='ocrx_word' id='word_1_10' title='bbox 346 513 438 590; x_wconf 85' lang='lat' dir='ltr'>Iunc,</span> <span class='ocrx_word' id='word_1_11' title='bbox 455 505 581 579; x_wconf 78' lang='lat' dir='ltr'>sanctos</span> <span class='ocrx_word' id='word_1_12' title='bbox 600 537 678 600; x_wconf 81' lang='lat' dir='ltr'>cape</span> <span class='ocrx_word' id='word_1_13' title='bbox 695 514 773 579; x_wconf 85' lang='lat' dir='ltr'>turis</span> <span class='ocrx_word' id='word_1_14' title='bbox 793 537 934 594; x_wconf 85' lang='lat' dir='ltr'>acervos,</span> 
     </span>
     <span class='ocr_line' id='line_1_4' title="bbox 250 608 959 694; baseline 0.008 -25"><span class='ocrx_word' id='word_1_15' title='bbox 250 628 330 689; x_wconf 91' lang='lat' dir='ltr'>quos</span> <span class='ocrx_word' id='word_1_16' title='bbox 348 608 406 670; x_wconf 89' lang='lat' dir='ltr'>tibi</span> <span class='ocrx_word' id='word_1_17' title='bbox 424 608 478 672; x_wconf 79' lang='lat' dir='ltr'>dat</span> <span class='ocrx_word' id='word_1_18' title='bbox 495 620 602 674; x_wconf 83' lang='lat' dir='ltr'>tenera</span> <span class='ocrx_word' id='word_1_19' title='bbox 620 609 712 674; x_wconf 79' lang='lat' dir='ltr'>docta</span> <span class='ocrx_word' id='word_1_20' title='bbox 728 610 835 694; x_wconf 82' lang='lat' dir='ltr'>puella</span> <span class='ocrx_word' id='word_1_21' title='bbox 852 633 959 675; x_wconf 82' lang='lat' dir='ltr'>manu.</span> 
     </span>
     <span class='ocr_line' id='line_1_5' title="bbox 206 701 1010 789; baseline 0.007 -26"><span class='ocrx_word' id='word_1_22' title='bbox 206 710 272 764; x_wconf 82' lang='lat' dir='ltr'>toto</span> <span class='ocrx_word' id='word_1_23' title='bbox 289 701 347 764; x_wconf 91' lang='lat' dir='ltr'>tibi</span> <span class='ocrx_word' id='word_1_24' title='bbox 364 712 412 767; x_wconf 82' lang='lat' dir='ltr'>est</span> <span class='ocrx_word' id='word_1_25' title='bbox 427 701 532 780; x_wconf 89' lang='lat' dir='ltr'>hodie,</span> <span class='ocrx_word' id='word_1_26' title='bbox 550 703 608 766; x_wconf 88' lang='lat' dir='ltr'>tibi</span> <span class='ocrx_word' id='word_1_27' title='bbox 626 727 661 768; x_wconf 86' lang='lat' dir='ltr'>se</span> <span class='ocrx_word' id='word_1_28' title='bbox 678 703 849 768; x_wconf 81' lang='lat' dir='ltr'>laetissime</span> <span class='ocrx_word' id='word_1_29' title='bbox 866 704 1010 789; x_wconf 86' lang='lat' dir='ltr'>compsit,</span> 
     </span>
     <span class='ocr_line' id='line_1_6' title="bbox 249 794 931 883; baseline 0.003 -25"><span class='ocrx_word' id='word_1_30' title='bbox 249 804 346 859; x_wconf 83' lang='lat' dir='ltr'>staret</span> <span class='ocrx_word' id='word_1_31' title='bbox 363 806 488 862; x_wconf 80' lang='lat' dir='ltr'>utente</span> <span class='ocrx_word' id='word_1_32' title='bbox 505 808 577 861; x_wconf 83' lang='lat' dir='ltr'>tuos</span> <span class='ocrx_word' id='word_1_33' title='bbox 596 797 817 883; x_wconf 83' lang='lat' dir='ltr'>conspicienda</span> <span class='ocrx_word' id='word_1_34' title='bbox 834 794 931 862; x_wconf 89' lang='lat' dir='ltr'>focos.</span> 
     </span>
     <span class='ocr_line' id='line_1_7' title="bbox 127 887 1027 977; baseline 0.011 -30"><span class='ocrx_word' id='word_1_35' title='bbox 127 887 147 947; x_wconf 75' lang='lat'><strong>5</strong></span> <span class='ocrx_word' id='word_1_36' title='bbox 205 888 260 953; x_wconf 84' lang='lat' dir='ltr'>illa</span> <span class='ocrx_word' id='word_1_37' title='bbox 277 889 407 972; x_wconf 89' lang='lat' dir='ltr'>quidem</span> <span class='ocrx_word' id='word_1_38' title='bbox 424 890 556 955; x_wconf 81' lang='lat' dir='ltr'>ornandi</span> <span class='ocrx_word' id='word_1_39' title='bbox 574 912 686 956; x_wconf 79' lang='lat' dir='ltr'>causas</span> <span class='ocrx_word' id='word_1_40' title='bbox 704 891 772 967; x_wconf 85' lang='lat' dir='ltr'>tibi,</span> <span class='ocrx_word' id='word_1_41' title='bbox 791 891 874 968; x_wconf 83' lang='lat' dir='ltr'>diva,</span> <span class='ocrx_word' id='word_1_42' title='bbox 892 892 1027 977; x_wconf 71' lang='lat' dir='ltr'>relegare</span> 
     </span>
     <span class='ocr_line' id='line_1_8' title="bbox 248 983 917 1069; baseline 0.003 -22"><span class='ocrx_word' id='word_1_43' title='bbox 248 994 429 1061; x_wconf 85' lang='lat' dir='ltr'>esttamen,</span> <span class='ocrx_word' id='word_1_44' title='bbox 448 985 570 1049; x_wconf 79' lang='lat' dir='ltr'>occulte</span> <span class='ocrx_word' id='word_1_45' title='bbox 589 983 639 1049; x_wconf 89' lang='lat' dir='ltr'>oui</span> <span class='ocrx_word' id='word_1_46' title='bbox 657 985 814 1069; x_wconf 79' lang='lat' dir='ltr'>placuisse</span> <span class='ocrx_word' id='word_1_47' title='bbox 831 985 917 1049; x_wconf 84' lang='lat' dir='ltr'>velit.</span> 
     </span>
     <span class='ocr_line' id='line_1_9' title="bbox 205 1078 1024 1160; baseline 0.005 -20"><span class='ocrx_word' id='word_1_48' title='bbox 205 1086 237 1140; x_wconf 83' lang='lat' dir='ltr'>ot</span> <span class='ocrx_word' id='word_1_49' title='bbox 254 1087 299 1154; x_wconf 85' lang='lat' dir='ltr'>tu,</span> <span class='ocrx_word' id='word_1_50' title='bbox 318 1090 438 1154; x_wconf 82' lang='lat' dir='ltr'>sancta,</span> <span class='ocrx_word' id='word_1_51' title='bbox 455 1078 539 1154; x_wconf 81' lang='lat' dir='ltr'>fave,</span> <span class='ocrx_word' id='word_1_52' title='bbox 555 1101 619 1144; x_wconf 90' lang='lat' dir='ltr'>neu</span> <span class='ocrx_word' id='word_1_53' title='bbox 637 1078 708 1160; x_wconf 90' lang='lat' dir='ltr'>quis</span> <span class='ocrx_word' id='word_1_54' title='bbox 727 1078 855 1143; x_wconf 84' lang='lat' dir='ltr'>divellat</span> <span class='ocrx_word' id='word_1_55' title='bbox 873 1089 1024 1157; x_wconf 81' lang='lat' dir='ltr'>amantes,</span> 
     </span>
     <span class='ocr_line' id='line_1_10' title="bbox 247 1172 916 1257; baseline 0.004 -23"><span class='ocrx_word' id='word_1_56' title='bbox 247 1172 303 1234; x_wconf 89' lang='lat' dir='ltr'>sed</span> <span class='ocrx_word' id='word_1_57' title='bbox 320 1172 427 1237; x_wconf 85' lang='lat' dir='ltr'>iuveni</span> <span class='ocrx_word' id='word_1_58' title='bbox 444 1193 562 1255; x_wconf 80' lang='lat' dir='ltr'>quaeso</span> <span class='ocrx_word' id='word_1_59' title='bbox 580 1183 691 1237; x_wconf 84' lang='lat' dir='ltr'>mutua</span> <span class='ocrx_word' id='word_1_60' title='bbox 708 1172 813 1237; x_wconf 84' lang='lat' dir='ltr'>vinela</span> <span class='ocrx_word' id='word_1_61' title='bbox 829 1195 916 1257; x_wconf 82' lang='lat' dir='ltr'>pera.</span> 
     </span>
     <span class='ocr_line' id='line_1_11' title="bbox 204 1265 943 1352; baseline 0.005 -24"><span class='ocrx_word' id='word_1_62' title='bbox 204 1265 249 1330; x_wconf 89' lang='lat' dir='ltr'>sie</span> <span class='ocrx_word' id='word_1_63' title='bbox 267 1265 347 1330; x_wconf 91' lang='lat' dir='ltr'>bene</span> <span class='ocrx_word' id='word_1_64' title='bbox 366 1287 550 1350; x_wconf 88' lang='lat' dir='ltr'>compones:</span> <span class='ocrx_word' id='word_1_65' title='bbox 568 1267 651 1331; x_wconf 87' lang='lat' dir='ltr'>ullae</span> <span class='ocrx_word' id='word_1_66' title='bbox 668 1288 731 1330; x_wconf 91' lang='lat' dir='ltr'>non</span> <span class='ocrx_word' id='word_1_67' title='bbox 748 1267 801 1331; x_wconf 88' lang='lat' dir='ltr'>ille</span> <span class='ocrx_word' id='word_1_68' title='bbox 818 1267 943 1352; x_wconf 85' lang='lat' dir='ltr'>puellae</span> 
     </span>
     <span class='ocr_line' id='line_1_12' title="bbox 110 1359 908 1445; baseline -0.003 -19"><span class='ocrx_word' id='word_1_69' title='bbox 110 1372 145 1426; x_wconf 91' lang='lat'>10</span> <span class='ocrx_word' id='word_1_70' title='bbox 247 1359 363 1425; x_wconf 86' lang='lat' dir='ltr'>servire</span> <span class='ocrx_word' id='word_1_71' title='bbox 382 1370 436 1423; x_wconf 88' lang='lat' dir='ltr'>aut</span> <span class='ocrx_word' id='word_1_72' title='bbox 454 1360 601 1443; x_wconf 86' lang='lat' dir='ltr'>cuiquam</span> <span class='ocrx_word' id='word_1_73' title='bbox 619 1361 744 1445; x_wconf 84' lang='lat' dir='ltr'>dignior</span> <span class='ocrx_word' id='word_1_74' title='bbox 759 1360 815 1424; x_wconf 83' lang='lat' dir='ltr'>illa</span> <span class='ocrx_word' id='word_1_75' title='bbox 831 1361 908 1425; x_wconf 87' lang='lat' dir='ltr'>viro.</span> 
     </span>
     <span class='ocr_line' id='line_1_13' title="bbox 203 1453 1026 1540; baseline 0.005 -24"><span class='ocrx_word' id='word_1_76' title='bbox 203 1475 262 1516; x_wconf 90' lang='lat' dir='ltr'>nec</span> <span class='ocrx_word' id='word_1_77' title='bbox 279 1453 378 1537; x_wconf 86' lang='lat' dir='ltr'>possit</span> <span class='ocrx_word' id='word_1_78' title='bbox 396 1454 527 1539; x_wconf 90' lang='lat' dir='ltr'>cupidos</span> <span class='ocrx_word' id='word_1_79' title='bbox 545 1455 680 1540; x_wconf 82' lang='lat' dir='ltr'>vigilans</span> <span class='ocrx_word' id='word_1_80' title='bbox 698 1453 892 1539; x_wconf 82' lang='lat' dir='ltr'>deprendere</span> <span class='ocrx_word' id='word_1_81' title='bbox 911 1466 1026 1533; x_wconf 79' lang='lat' dir='ltr'>custos,</span> 
     </span>
     <span class='ocr_line' id='line_1_14' title="bbox 246 1545 927 1630; baseline 0.004 -22"><span class='ocrx_word' id='word_1_82' title='bbox 246 1545 438 1630; x_wconf 83' lang='lat' dir='ltr'>fallendique</span> <span class='ocrx_word' id='word_1_83' title='bbox 455 1549 522 1613; x_wconf 83' lang='lat' dir='ltr'>vias</span> <span class='ocrx_word' id='word_1_84' title='bbox 540 1548 626 1612; x_wconf 90' lang='lat' dir='ltr'>mille</span> <span class='ocrx_word' id='word_1_85' title='bbox 644 1547 799 1613; x_wconf 84' lang='lat' dir='ltr'>ministret</span> <span class='ocrx_word' id='word_1_86' title='bbox 815 1550 927 1612; x_wconf 90' lang='lat' dir='ltr'>Amor.</span> 
     </span>
     <span class='ocr_line' id='line_1_15' title="bbox 203 1639 936 1727; baseline 0.001 -23"><span class='ocrx_word' id='word_1_87' title='bbox 203 1639 307 1705; x_wconf 85' lang='lat' dir='ltr'>adnue</span> <span class='ocrx_word' id='word_1_88' title='bbox 325 1663 548 1726; x_wconf 82' lang='lat' dir='ltr'>purpureaque</span> <span class='ocrx_word' id='word_1_89' title='bbox 566 1642 640 1707; x_wconf 89' lang='lat' dir='ltr'>veni</span> <span class='ocrx_word' id='word_1_90' title='bbox 656 1642 819 1727; x_wconf 83' lang='lat' dir='ltr'>perlucido</span> <span class='ocrx_word' id='word_1_91' title='bbox 836 1643 936 1726; x_wconf 82' lang='lat' dir='ltr'>palla:</span> 
     </span>
     <span class='ocr_line' id='line_1_16' title="bbox 245 1735 981 1814; baseline 0.001 -15"><span class='ocrx_word' id='word_1_92' title='bbox 245 1746 293 1799; x_wconf 84' lang='lat' dir='ltr'>ter</span> <span class='ocrx_word' id='word_1_93' title='bbox 310 1735 368 1799; x_wconf 85' lang='lat' dir='ltr'>tibi</span> <span class='ocrx_word' id='word_1_94' title='bbox 385 1735 421 1800; x_wconf 78' lang='lat' dir='ltr'>fit</span> <span class='ocrx_word' id='word_1_95' title='bbox 437 1737 513 1813; x_wconf 92' lang='lat' dir='ltr'>libo,</span> <span class='ocrx_word' id='word_1_96' title='bbox 531 1748 589 1814; x_wconf 82' lang='lat' dir='ltr'>ter,</span> <span class='ocrx_word' id='word_1_97' title='bbox 608 1737 669 1800; x_wconf 85' lang='lat' dir='ltr'>dee</span> <span class='ocrx_word' id='word_1_98' title='bbox 687 1747 783 1812; x_wconf 84' lang='lat' dir='ltr'>casta,</span> <span class='ocrx_word' id='word_1_99' title='bbox 801 1758 897 1800; x_wconf 89' lang='lat' dir='ltr'>mero.</span> <span class='ocrx_word' id='word_1_100' title='bbox 948 1798 950 1803; x_wconf 71' lang='grc'>,</span> <span class='ocrx_word' id='word_1_101' title='bbox 976 1748 981 1755; x_wconf 86' lang='grc'><em>”</em></span> 
     </span>
     <span class='ocr_line' id='line_1_17' title="bbox 109 1829 993 1915; baseline -0.006 -18"><span class='ocrx_word' id='word_1_102' title='bbox 109 1843 143 1897; x_wconf 87' lang='grc'>15</span> <span class='ocrx_word' id='word_1_103' title='bbox 202 1829 374 1915; x_wconf 75' lang='lat' dir='ltr'>praecipiat</span> <span class='ocrx_word' id='word_1_104' title='bbox 391 1841 484 1895; x_wconf 82' lang='lat' dir='ltr'>natae</span> <span class='ocrx_word' id='word_1_105' title='bbox 502 1841 603 1894; x_wconf 79' lang='lat' dir='ltr'>mater</span> <span class='ocrx_word' id='word_1_106' title='bbox 621 1829 772 1905; x_wconf 80' lang='lat' dir='ltr'>studiosa,</span> <span class='ocrx_word' id='word_1_107' title='bbox 790 1829 876 1912; x_wconf 93' lang='lat' dir='ltr'>quod</span> <span class='ocrx_word' id='word_1_108' title='bbox 894 1840 993 1914; x_wconf 85' lang='lat' dir='ltr'>optet:</span> 
     </span>
     <span class='ocr_line' id='line_1_18' title="bbox 244 1923 935 2006; baseline -0.001 -20"><span class='ocrx_word' id='word_1_109' title='bbox 244 1924 299 1988; x_wconf 85' lang='lat' dir='ltr'>illa</span> <span class='ocrx_word' id='word_1_110' title='bbox 316 1923 402 1988; x_wconf 88' lang='lat' dir='ltr'>aliud</span> <span class='ocrx_word' id='word_1_111' title='bbox 419 1924 524 2001; x_wconf 81' lang='lat' dir='ltr'>tacito,</span> <span class='ocrx_word' id='word_1_112' title='bbox 542 1923 607 1988; x_wconf 83' lang='lat' dir='ltr'>iam</span> <span class='ocrx_word' id='word_1_113' title='bbox 624 1945 692 1999; x_wconf 82' lang='lat' dir='ltr'>sua,</span> <span class='ocrx_word' id='word_1_114' title='bbox 711 1935 816 1987; x_wconf 86' lang='lat' dir='ltr'>mente</span> <span class='ocrx_word' id='word_1_115' title='bbox 833 1932 935 2006; x_wconf 84' lang='lat' dir='ltr'>rogat.</span> 
     </span>
     <span class='ocr_line' id='line_1_19' title="bbox 202 2015 918 2091; baseline 0 -12"><span class='ocrx_word' id='word_1_116' title='bbox 202 2017 312 2091; x_wconf 88' lang='lat' dir='ltr'>uritur,</span> <span class='ocrx_word' id='word_1_117' title='bbox 330 2027 366 2080; x_wconf 88' lang='lat' dir='ltr'>ut</span> <span class='ocrx_word' id='word_1_118' title='bbox 384 2019 500 2081; x_wconf 87' lang='lat' dir='ltr'>celeres</span> <span class='ocrx_word' id='word_1_119' title='bbox 517 2025 614 2079; x_wconf 83' lang='lat' dir='ltr'>urunt</span> <span class='ocrx_word' id='word_1_120' title='bbox 631 2015 742 2080; x_wconf 78' lang='lat' dir='ltr'>altario</span> <span class='ocrx_word' id='word_1_121' title='bbox 763 2015 918 2091; x_wconf 83' lang='lat' dir='ltr'>flammae,</span> 
     </span>
     <span class='ocr_line' id='line_1_20' title="bbox 243 2108 908 2193; baseline -0.003 -19"><span class='ocrx_word' id='word_1_122' title='bbox 243 2132 314 2187; x_wconf 87' lang='lat' dir='ltr'>nec,</span> <span class='ocrx_word' id='word_1_123' title='bbox 331 2110 424 2174; x_wconf 85' lang='lat' dir='ltr'>liceat</span> <span class='ocrx_word' id='word_1_124' title='bbox 441 2111 596 2193; x_wconf 83' lang='lat' dir='ltr'>quamvis,</span> <span class='ocrx_word' id='word_1_125' title='bbox 615 2130 693 2173; x_wconf 83' lang='lat' dir='ltr'>sanc</span> <span class='ocrx_word' id='word_1_126' title='bbox 709 2108 807 2173; x_wconf 84' lang='lat' dir='ltr'>fuisse</span> <span class='ocrx_word' id='word_1_127' title='bbox 825 2109 908 2173; x_wconf 88' lang='lat' dir='ltr'>velit.</span> 
     </span>
     <span class='ocr_line' id='line_1_21' title="bbox 202 2199 1091 2288; baseline 0.002 -21"><span class='ocrx_word' id='word_1_128' title='bbox 202 2203 254 2278; x_wconf 84' lang='lat' dir='ltr'>sis,</span> <span class='ocrx_word' id='word_1_129' title='bbox 272 2205 361 2278; x_wconf 80' lang='lat' dir='ltr'>Iuno,</span> <span class='ocrx_word' id='word_1_130' title='bbox 380 2213 481 2288; x_wconf 81' lang='lat' dir='ltr'>grata,</span> <span class='ocrx_word' id='word_1_131' title='bbox 500 2199 570 2288; x_wconf 61' lang='grc' dir='ltr'>(αὴ)</span> <span class='ocrx_word' id='word_1_132' title='bbox 587 2202 692 2267; x_wconf 84' lang='lat' dir='ltr'>veniet</span> <span class='ocrx_word' id='word_1_133' title='bbox 709 2223 782 2266; x_wconf 92' lang='lat' dir='ltr'>cum</span> <span class='ocrx_word' id='word_1_134' title='bbox 799 2202 961 2286; x_wconf 84' lang='lat' dir='ltr'>proximus</span> <span class='ocrx_word' id='word_1_135' title='bbox 979 2225 1091 2283; x_wconf 81' lang='lat' dir='ltr'>annus,</span> 
     </span>
     <span class='ocr_line' id='line_1_22' title="bbox 36 2296 900 2366; baseline 0.003 -7"><span class='ocrx_word' id='word_1_136' title='bbox 36 2352 39 2359; x_wconf 93' lang='lat'>.</span> <span class='ocrx_word' id='word_1_137' title='bbox 107 2310 142 2366; x_wconf 79' lang='lat'>20</span> <span class='ocrx_word' id='word_1_138' title='bbox 243 2296 295 2362; x_wconf 88' lang='lat' dir='ltr'>hic</span> <span class='ocrx_word' id='word_1_139' title='bbox 312 2296 397 2362; x_wconf 89' lang='lat' dir='ltr'>idem</span> <span class='ocrx_word' id='word_1_140' title='bbox 414 2296 495 2365; x_wconf 84' lang='lat' dir='ltr'>votis</span> <span class='ocrx_word' id='word_1_141' title='bbox 512 2296 577 2362; x_wconf 82' lang='lat' dir='ltr'>iem</span> <span class='ocrx_word' id='word_1_142' title='bbox 595 2308 686 2363; x_wconf 81' lang='lat' dir='ltr'>vetus</span> <span class='ocrx_word' id='word_1_143' title='bbox 704 2299 785 2362; x_wconf 75' lang='lat' dir='ltr'>adsit</span> <span class='ocrx_word' id='word_1_144' title='bbox 803 2319 900 2362; x_wconf 82' lang='lat' dir='ltr'>emor.</span> 
     </span>
    </p>
   </div>
   <div class='ocr_carea' id='block_1_4' title="bbox 0 0 1288 4448">
    <p class='ocr_par' dir='ltr' id='par_1_4' title="bbox 0 0 1288 4448">
     <span class='ocr_line' id='line_1_23' title="bbox 0 0 1288 4448; baseline 0 0"><span class='ocrx_word' id='word_1_145' title='bbox 0 0 1288 4448; x_wconf 95' lang='lat' dir='ltr'> </span> 
     </span>
    </p>
   </div>
  </div>
 </body>
</html>
