2566 4448
169 238 211 305 50
585 251 732 319 muuv
748 254 775 323 1)

171 398 232 442 nec
250 377 353 441 solum
369 374 427 440 tibi
443 374 542 440 Pierii
563 375 741 440 tribuentur
759 376 907 442 honores:

168 480 274 557 prote
292 471 344 535 vel
361 469 488 554 rapidas
507 469 609 534 ausim
625 470 721 534 maris
738 470 783 534 ire
801 494 858 556 per
876 472 988 551 undas,

169 564 308 630 adversis
326 564 459 628 hiberna
475 563 549 628 licet
566 574 709 629 tumeant
726 563 807 629 freta
824 566 936 643 ventis,

100 679 151 736 195
167 681 225 745 pro
243 669 274 723 te
292 659 344 722 vel
361 657 468 724 densis
486 658 572 722 solus
590 658 761 723 subsistere
778 658 890 722 turmis

66 834 69 841 Ι
167 754 218 818 vel
236 775 371 838 parvum
388 754 554 817 Aetnaeae
571 774 685 838 corpus
704 752 898 817 committere
916 754 1071 822 flammae.

167 870 239 912 sum
256 847 489 930 quodcumque,
508 857 599 911 tuum
616 856 672 911 est.
707 846 806 910 nostri
824 845 851 911 si
867 850 1001 931 parvula
1018 873 1094 916 cura

83 1008 89 1025 ,
168 942 209 1006 sit
225 941 294 1018 tibi,
312 941 535 1025 quantalibet,
555 940 581 1004 si
598 941 638 1004 sit
655 940 760 1018 modo,
778 963 842 1005 non
859 940 936 1005 mihi
953 965 1053 1028 regna
1115 992 1117 994 ψ

167 1035 285 1120 Lydia,
303 1057 368 1099 non
385 1033 494 1120 magni
510 1033 613 1118 potior
631 1033 671 1097 sit
688 1034 775 1098 fama
793 1033 934 1120 Gylippi,

98 1152 149 1208 200
166 1152 260 1215 posse
277 1130 433 1194 Meleteas
450 1150 509 1192 nec
526 1128 652 1192 mallem
670 1129 795 1195 vincere
814 1129 948 1194 chartas.

167 1224 253 1307 quod
270 1223 328 1286 tibi
346 1223 374 1286 si
391 1244 501 1286 versus
517 1232 634 1299 noster,
653 1233 777 1287 totusve
795 1223 951 1299 minusve,

166 1319 218 1382 vel
235 1318 317 1382 benc
337 1317 378 1381 sit
394 1327 498 1392 notus,
518 1337 641 1380 summo
658 1318 710 1381 vel
727 1318 843 1382 inerret
859 1318 894 1381 in
911 1339 974 1395 ore,

165 1412 254 1475 nulla
271 1410 348 1474 mihi
366 1420 505 1475 statuent
522 1411 617 1476 finem
634 1421 665 1475 te
683 1411 750 1476 fata
767 1411 910 1475 canendi.

115 1579 121 1593 ‚
166 1506 243 1589 quin
262 1505 356 1570 etiam
373 1528 445 1570 mea
462 1516 538 1570 tunc
555 1505 696 1569 tumulus
715 1528 788 1569 cum
805 1506 920 1570 texerit
937 1527 1018 1581 ossa,

97 1625 149 1680 205
166 1622 222 1664 seu
241 1610 365 1663 matura
383 1600 449 1664 dies
468 1601 603 1664 celerem
620 1609 769 1685 properat
785 1599 864 1664 mihi
881 1612 1024 1678 mortem,

165 1696 262 1779 longa
279 1704 387 1758 manet
405 1717 460 1759 seu
479 1694 554 1770 vita,
572 1705 689 1771 tamen,
706 1704 829 1759 mutata
846 1694 949 1778 figura

166 1811 223 1853 seu
240 1812 292 1853 me
309 1789 409 1874 finget
427 1810 545 1872 equum
561 1788 680 1872 rigidos
699 1809 882 1873 percurrere
900 1809 1028 1872 campos

166 1883 294 1947 doctum
314 1905 370 1947 seu
388 1883 470 1946 tardi
488 1882 610 1968 pecoris
629 1882 688 1944 sim
705 1880 807 1965 gloria
824 1890 934 1944 taurus

166 1977 232 2042 sive
251 1998 311 2062 ego
330 1999 387 2061 per
403 1976 559 2059 liquidum
576 1975 714 2038 volucris
732 1974 830 2039 vehar
847 1997 921 2038 aera
938 1973 1061 2059 pennis,

96 2097 148 2152 210
165 2072 430 2154 quandocumque
448 2070 608 2134 hominem
625 2092 677 2134 me
694 2070 791 2154 longa
808 2069 961 2154 receperit
978 2078 1075 2145 aetas,

164 2167 297 2252 inceptis
315 2166 403 2230 dete
421 2165 586 2230 subtexam
606 2163 746 2229 carmine
764 2164 889 2228 chartis.
