2566 4448
588 196 639 252 15

99 330 132 385 at
149 316 226 384 mihi
243 318 368 385 felicem
386 318 493 396 vitam,
512 320 539 384 si
557 321 645 386 salva
662 319 787 399 fuisses,

140 415 301 499 fingebam
319 415 458 491 demens,
477 415 533 478 sed
550 426 703 480 renuente
722 416 791 480 deo.

98 531 173 573 rura
191 508 302 586 colam,
321 509 515 594 frugumque
533 510 635 574 aderit
653 532 724 574 mea
742 509 838 575 Delia
856 521 973 588 custos,

142 626 215 667 area
233 604 310 667 dum
326 625 444 667 messes
463 605 529 668 sole
547 605 669 668 calente
687 614 777 680 teret,

100 707 155 760 aut
171 697 249 761 mihi
267 697 404 762 servabit
421 697 522 782 plenis
540 698 573 762 in
591 697 737 762 lintribus
754 721 834 762 uvas

133 788 313 876 'pressaque
331 791 432 856 veloci
451 792 586 856 candida
603 804 708 857 musta
725 792 817 877 pede.

100 897 283 950 consuescet
299 908 465 949 numerare
482 908 589 971 pecus,
609 898 794 951 consuescet
812 886 945 952 amantis

141 980 286 1064 garrulus
304 981 336 1043 in
355 981 501 1044 dominae
518 981 743 1046 ludere-vema
761 980 842 1046 sinu.

99 1072 152 1137 illa
170 1074 229 1138 deo
248 1074 324 1138 sciet
342 1074 499 1159 agricolae
517 1097 574 1159 pro
591 1075 708 1139 vitibus
727 1097 833 1152 uvam,

141 1190 198 1252 pro
216 1179 323 1254 segete
342 1169 454 1253 spicas,
473 1190 530 1253 pro
548 1191 646 1253 grege
664 1169 746 1233 ferre
765 1169 888 1254 dapem.

98 1261 152 1325 illa
169 1274 259 1347 regat
277 1273 417 1339 cunctos,
435 1262 481 1326 illi
498 1262 561 1325 sint
579 1264 685 1326 omnia
703 1285 813 1328 curae:

141 1369 174 1419 at
189 1357 277 1421 iuvet
294 1357 327 1420 in
345 1366 411 1420 tota
428 1379 479 1421 me
496 1355 574 1420 nihil
593 1380 661 1422 esse
680 1357 784 1421 domo.

98 1450 161 1514 huc
179 1451 285 1516 veniet
301 1450 454 1515 Messalla
471 1473 571 1528 meus,
590 1451 641 1515 cui
659 1451 765 1515 dulcia
781 1474 877 1536 poma

141 1543 237 1609 Delia
255 1544 377 1609 selectis
396 1544 539 1609 detrahat
557 1545 736 1609 arboribus:
826 1624 828 1629 .

99 1648 130 1702 et
147 1650 270 1702 tantum
287 1650 436 1703 venerata
454 1639 566 1715 virum,
585 1639 670 1703 hunc
688 1639 798 1703 sedula
817 1651 914 1718 curet,

141 1733 214 1798 huic
232 1745 321 1818 paret
338 1744 433 1816 atque
452 1734 562 1819 epulas
579 1733 649 1819 ipsa
667 1733 810 1798 ministra
828 1747 926 1819 gerat.

98 1828 177 1893 haec
194 1829 272 1892 mihi
287 1828 458 1912 fingebam,
477 1849 559 1911 quae
577 1850 662 1892 nunc
680 1850 838 1911 eurusque
855 1840 1012 1914 notusque

140 1924 235 1987 iactat
253 1923 399 1987 odoratos
417 1933 491 1986 vota
509 1945 566 2007 per
583 1922 764 1987 Armenios.
830 1962 1066 1983 mmmm„

99 2040 192 2103 saepe
210 2040 270 2101 ego
289 2017 440 2101 temptavi
458 2038 550 2081 curas
569 2017 725 2102 depellere
743 2017 832 2082 vino:

141 2123 173 2175 at
191 2111 280 2175 dolor
296 2112 330 2174 in
346 2110 492 2175 lacrimas
510 2122 648 2176 verterat
666 2134 759 2176 omne
778 2135 908 2177 merum.
939 2171 969 2217 ‚x

100 2227 194 2289 saepe
212 2205 305 2268 aliam
323 2204 423 2268 tenui:
443 2205 500 2269 sed
516 2204 580 2268 iarn
599 2227 671 2269 cum
689 2205 808 2290 gaudia
826 2207 955 2283 adirem,

142 2297 304 2362 admonuit
322 2297 467 2361 dominae
486 2298 687 2380 deseruitque
705 2301 825 2365 Venus.

98 2404 174 2457 tunc
190 2415 242 2457 me
261 2391 424 2455 discedens
443 2391 594 2455 devotum
612 2392 730 2456 femina
749 2392 827 2455 dixit

141 2525 183 2534 -
200 2512 220 2551 a
237 2486 337 2571 pudet
355 2523 396 2531 -
415 2496 446 2550 et
463 2496 569 2549 narrat
588 2487 667 2551 scire
685 2486 824 2550 nefanda
842 2510 954 2551 meam.

97 2584 160 2647 non
178 2581 254 2646 facit
271 2581 331 2644 hoc
348 2580 463 2657 verbis,
482 2580 563 2644 facie
581 2579 759 2663 tenerisque
777 2579 901 2645 lacertis

140 2677 275 2741 devovet
292 2687 323 2740 et
341 2674 430 2739 flavis
448 2685 555 2739 nostra
572 2675 679 2760 puella
698 2675 806 2739 cornis.

98 2772 168 2836 talis
186 2771 227 2836 ad
244 2769 458 2834 Haemonium
476 2769 588 2833 Nereis
606 2770 705 2834 Pelea
723 2769 883 2852 quondam

140 2874 231 2930 vecta
248 2875 295 2928 est
312 2864 434 2928 frenato
454 2863 579 2928 caerula
596 2864 683 2947 pisce
701 2863 821 2928 Thetis.

98 2958 176 3023 haec
193 2981 328 3023 nocuere
346 2958 433 3034 mihi,
451 2957 538 3040 quod
556 2958 646 3023 adest
664 2958 738 3022 huic
756 2959 844 3023 dives
864 2970 999 3024 amator:

141 3053 276 3117 venitin
295 3053 426 3117 exitium
444 3051 557 3116 callida
573 3053 647 3117 lena
664 3075 780 3117 meum.

98 3147 287 3232 sanguineas
305 3147 378 3228 edat
394 3147 449 3211 illa
468 3147 565 3232 dapes
583 3158 677 3230 atque
696 3170 750 3212 ore
768 3158 898 3212 cruento

139 3240 240 3305 tristia
257 3263 329 3305 cum
346 3243 445 3304 multo
463 3240 578 3325 pocula
595 3240 668 3306 felle
687 3241 788 3305 bibat:

97 3336 179 3401 hanc
196 3334 327 3399 volitent
345 3335 468 3400 animae
488 3337 605 3400 circum
625 3357 682 3399 sua
699 3334 765 3399 fata
783 3344 950 3417 querentes

140 3452 273 3515 semper,
292 3440 323 3492 et
340 3452 358 3493 e
375 3429 465 3494 tectis
484 3429 562 3494 strix
579 3429 717 3506 violenta
735 3439 841 3492 canat:

96 3525 165 3611 ipsa
181 3526 266 3589 fame
284 3523 463 3588 stimulante
481 3524 588 3588 furens
607 3524 784 3606 herbasque
802 3524 952 3608 sepulcris

141 3629 272 3703 quaerat
290 3628 320 3681 et
338 3641 357 3681 a
374 3618 477 3682 saevis
495 3639 566 3681 ossa
583 3617 691 3682 relicta
709 3618 802 3703 lupis,

97 3725 200 3778 currat
218 3723 250 3778 et
266 3711 449 3796 inguinibus
466 3711 559 3776 nudis
577 3711 739 3794 ululetque
756 3735 813 3796 per
830 3714 935 3787 urbes,

138 3818 210 3891 post
228 3819 302 3893 agat
321 3830 338 3870 e
356 3805 456 3870 triviis
474 3830 584 3892 aspera
602 3806 695 3870 turba
713 3829 836 3872 canum.
862 3854 899 3894 s

98 3900 233 3966 eveniet:
252 3901 306 3965 dat
324 3901 416 3986 signa
433 3900 524 3965 deus:
544 3912 617 3965 sunt
633 3901 764 3964 numina
782 3900 909 3978 amanti,

140 3994 239 4061 saevit
257 4007 288 4060 et
305 3995 422 4060 iniusta
438 3995 510 4082 lege
528 3995 636 4060 relicta
653 3995 774 4062 Venus.
