<?xml version="1.0" encoding="UTF-8"?>
<!DOCTYPE html PUBLIC "-//W3C//DTD XHTML 1.0 Transitional//EN"
    "http://www.w3.org/TR/xhtml1/DTD/xhtml1-transitional.dtd">
<html xmlns="http://www.w3.org/1999/xhtml" xml:lang="en" lang="en">
 <head>
  <title>
</title>
<meta http-equiv="Content-Type" content="text/html;charset=utf-8" />
  <meta name='ocr-system' content='tesseract 3.04.00' />
  <meta name='ocr-capabilities' content='ocr_page ocr_carea ocr_par ocr_line ocrx_word'/>
</head>
<body>
  <div class='ocr_page' id='page_1' title='image "./albiitibulliele00hillgoog_0070.png"; bbox 0 0 2566 4448; ppageno 0'>
   <div class='ocr_carea' id='block_1_1' title="bbox 59 231 699 321">
    <p class='ocr_par' dir='ltr' id='par_1_1' title="bbox 59 231 699 321">
     <span class='ocr_line' id='line_1_1' title="bbox 59 231 699 321; baseline 0.008 -15"><span class='ocrx_word' id='word_1_1' title='bbox 59 248 70 321; x_wconf 66' lang='grc'>,;</span> <span class='ocrx_word' id='word_1_2' title='bbox 150 236 194 306; x_wconf 86' lang='grc' dir='ltr'>4ο</span> <span class='ocrx_word' id='word_1_3' title='bbox 609 231 699 311; x_wconf 74' lang='lat'>&#39;1114</span> 
     </span>
    </p>
   </div>
   <div class='ocr_carea' id='block_1_2' title="bbox 150 362 993 463">
    <p class='ocr_par' dir='ltr' id='par_1_2' title="bbox 150 362 993 463">
     <span class='ocr_line' id='line_1_2' title="bbox 150 362 993 463; baseline 0.002 -21"><span class='ocrx_word' id='word_1_4' title='bbox 150 379 194 443; x_wconf 89' lang='lat' dir='ltr'>ite</span> <span class='ocrx_word' id='word_1_5' title='bbox 211 376 331 463; x_wconf 89' lang='lat' dir='ltr'>prooul,</span> <span class='ocrx_word' id='word_1_6' title='bbox 349 400 463 443; x_wconf 85' lang='lat' dir='ltr'>vanum</span> <span class='ocrx_word' id='word_1_7' title='bbox 480 377 660 463; x_wconf 87' lang='lat' dir='ltr'>falsumque</span> <span class='ocrx_word' id='word_1_8' title='bbox 678 379 810 446; x_wconf 87' lang='lat' dir='ltr'>avertite</span> <span class='ocrx_word' id='word_1_9' title='bbox 828 380 945 444; x_wconf 78' lang='lat' dir='ltr'>visume</span> <span class='ocrx_word' id='word_1_10' title='bbox 991 362 993 365; x_wconf 27' lang='lat'>⁵</span> 
     </span>
    </p>
   </div>
   <div class='ocr_carea' id='block_1_3' title="bbox 97 472 1039 4121">
    <p class='ocr_par' dir='ltr' id='par_1_3' title="bbox 97 472 1039 4121">
     <span class='ocr_line' id='line_1_3' title="bbox 195 472 872 557; baseline 0.003 -21"><span class='ocrx_word' id='word_1_11' title='bbox 195 472 327 538; x_wconf 88' lang='lat' dir='ltr'>desinite</span> <span class='ocrx_word' id='word_1_12' title='bbox 344 472 377 537; x_wconf 90' lang='lat' dir='ltr'>in</span> <span class='ocrx_word' id='word_1_13' title='bbox 394 474 481 537; x_wconf 78' lang='lat' dir='ltr'>nobis</span> <span class='ocrx_word' id='word_1_14' title='bbox 499 494 651 557; x_wconf 80' lang='lat' dir='ltr'>quaerere</span> <span class='ocrx_word' id='word_1_15' title='bbox 668 475 750 539; x_wconf 86' lang='lat' dir='ltr'>vello</span> <span class='ocrx_word' id='word_1_16' title='bbox 767 473 872 538; x_wconf 86' lang='lat' dir='ltr'>fidem.</span> 
     </span>
     <span class='ocr_line' id='line_1_4' title="bbox 117 566 876 644; baseline 0.001 -15"><span class='ocrx_word' id='word_1_17' title='bbox 117 574 134 628; x_wconf 81' lang='lat'><strong>5</strong></span> <span class='ocrx_word' id='word_1_18' title='bbox 152 566 217 631; x_wconf 89' lang='lat' dir='ltr'>divi</span> <span class='ocrx_word' id='word_1_19' title='bbox 235 590 311 633; x_wconf 90' lang='lat' dir='ltr'>vera</span> <span class='ocrx_word' id='word_1_20' title='bbox 327 577 466 644; x_wconf 87' lang='lat' dir='ltr'>monent,</span> <span class='ocrx_word' id='word_1_21' title='bbox 485 578 638 633; x_wconf 87' lang='lat' dir='ltr'>venturae</span> <span class='ocrx_word' id='word_1_22' title='bbox 654 568 766 632; x_wconf 90' lang='lat' dir='ltr'>nuntia</span> <span class='ocrx_word' id='word_1_23' title='bbox 785 568 876 631; x_wconf 84' lang='lat' dir='ltr'>sortis</span> 
     </span>
     <span class='ocr_line' id='line_1_5' title="bbox 194 661 896 748; baseline 0 -23"><span class='ocrx_word' id='word_1_24' title='bbox 194 684 269 726; x_wconf 90' lang='lat' dir='ltr'>vera</span> <span class='ocrx_word' id='word_1_25' title='bbox 286 673 415 726; x_wconf 89' lang='lat' dir='ltr'>monent</span> <span class='ocrx_word' id='word_1_26' title='bbox 433 661 546 727; x_wconf 85' lang='lat' dir='ltr'>Tuscis</span> <span class='ocrx_word' id='word_1_27' title='bbox 566 673 639 726; x_wconf 85' lang='lat' dir='ltr'>exta</span> <span class='ocrx_word' id='word_1_28' title='bbox 655 662 790 748; x_wconf 84' lang='lat' dir='ltr'>probata</span> <span class='ocrx_word' id='word_1_29' title='bbox 807 661 896 725; x_wconf 90' lang='lat' dir='ltr'>viris:</span> 
     </span>
     <span class='ocr_line' id='line_1_6' title="bbox 151 755 821 821; baseline 0.001 -2"><span class='ocrx_word' id='word_1_30' title='bbox 151 755 273 820; x_wconf 91' lang='lat' dir='ltr'>somnia</span> <span class='ocrx_word' id='word_1_31' title='bbox 290 755 395 821; x_wconf 86' lang='lat' dir='ltr'>fallaci</span> <span class='ocrx_word' id='word_1_32' title='bbox 412 756 527 820; x_wconf 84' lang='lat' dir='ltr'>ludunt</span> <span class='ocrx_word' id='word_1_33' title='bbox 544 756 712 821; x_wconf 84' lang='lat' dir='ltr'>temeraria</span> <span class='ocrx_word' id='word_1_34' title='bbox 728 766 821 820; x_wconf 81' lang='lat' dir='ltr'>nocte</span> 
     </span>
     <span class='ocr_line' id='line_1_7' title="bbox 193 848 877 935; baseline -0.001 -22"><span class='ocrx_word' id='word_1_35' title='bbox 193 862 225 913; x_wconf 90' lang='lat' dir='ltr'>et</span> <span class='ocrx_word' id='word_1_36' title='bbox 242 850 374 935; x_wconf 88' lang='lat' dir='ltr'>pavidas</span> <span class='ocrx_word' id='word_1_37' title='bbox 392 861 513 915; x_wconf 85' lang='lat' dir='ltr'>mentes</span> <span class='ocrx_word' id='word_1_38' title='bbox 531 850 613 915; x_wconf 87' lang='lat' dir='ltr'>falsa</span> <span class='ocrx_word' id='word_1_39' title='bbox 630 851 741 914; x_wconf 88' lang='lat' dir='ltr'>timere</span> <span class='ocrx_word' id='word_1_40' title='bbox 758 848 877 914; x_wconf 89' lang='lat' dir='ltr'>iubent.</span> 
     </span>
     <span class='ocr_line' id='line_1_8' title="bbox 150 943 1006 1029; baseline -0.001 -22"><span class='ocrx_word' id='word_1_41' title='bbox 150 954 182 1008; x_wconf 89' lang='lat' dir='ltr'>et</span> <span class='ocrx_word' id='word_1_42' title='bbox 198 955 309 1008; x_wconf 88' lang='lat' dir='ltr'>natum</span> <span class='ocrx_word' id='word_1_43' title='bbox 326 947 359 1008; x_wconf 83' lang='lat' dir='ltr'>ia</span> <span class='ocrx_word' id='word_1_44' title='bbox 377 969 464 1008; x_wconf 78' lang='lat' dir='ltr'>auras</span> <span class='ocrx_word' id='word_1_45' title='bbox 481 944 645 1008; x_wconf 93' lang='lat' dir='ltr'>hominum</span> <span class='ocrx_word' id='word_1_46' title='bbox 661 966 763 1029; x_wconf 88' lang='lat' dir='ltr'>genus</span> <span class='ocrx_word' id='word_1_47' title='bbox 781 943 888 1007; x_wconf 87' lang='lat' dir='ltr'>omina</span> <span class='ocrx_word' id='word_1_48' title='bbox 905 944 1006 1008; x_wconf 86' lang='lat' dir='ltr'>noetis</span> 
     </span>
     <span class='ocr_line' id='line_1_9' title="bbox 99 1038 794 1123; baseline 0.001 -24"><span class='ocrx_word' id='word_1_49' title='bbox 99 1045 134 1100; x_wconf 88' lang='lat'>10</span> <span class='ocrx_word' id='word_1_50' title='bbox 194 1038 278 1102; x_wconf 85' lang='lat' dir='ltr'>farre</span> <span class='ocrx_word' id='word_1_51' title='bbox 294 1039 348 1123; x_wconf 91' lang='lat' dir='ltr'>pio</span> <span class='ocrx_word' id='word_1_52' title='bbox 367 1038 495 1123; x_wconf 81' lang='lat' dir='ltr'>placant</span> <span class='ocrx_word' id='word_1_53' title='bbox 513 1048 545 1103; x_wconf 90' lang='lat' dir='ltr'>et</span> <span class='ocrx_word' id='word_1_54' title='bbox 561 1038 692 1103; x_wconf 79' lang='lat' dir='ltr'>saliente</span> <span class='ocrx_word' id='word_1_55' title='bbox 711 1038 794 1103; x_wconf 85' lang='lat' dir='ltr'>sale?</span> 
     </span>
     <span class='ocr_line' id='line_1_10' title="bbox 150 1129 972 1216; baseline -0.002 -19"><span class='ocrx_word' id='word_1_56' title='bbox 150 1142 183 1197; x_wconf 92' lang='lat' dir='ltr'>et</span> <span class='ocrx_word' id='word_1_57' title='bbox 200 1143 316 1209; x_wconf 89' lang='lat' dir='ltr'>tamen,</span> <span class='ocrx_word' id='word_1_58' title='bbox 334 1143 507 1216; x_wconf 83' lang='lat' dir='ltr'>utcumque</span> <span class='ocrx_word' id='word_1_59' title='bbox 525 1142 582 1209; x_wconf 89' lang='lat' dir='ltr'>est,</span> <span class='ocrx_word' id='word_1_60' title='bbox 601 1132 668 1197; x_wconf 88' lang='lat' dir='ltr'>sive</span> <span class='ocrx_word' id='word_1_61' title='bbox 685 1133 731 1197; x_wconf 91' lang='lat' dir='ltr'>illi</span> <span class='ocrx_word' id='word_1_62' title='bbox 750 1154 825 1197; x_wconf 88' lang='lat' dir='ltr'>vera</span> <span class='ocrx_word' id='word_1_63' title='bbox 842 1129 972 1208; x_wconf 88' lang='lat' dir='ltr'>moneri,</span> 
     </span>
     <span class='ocr_line' id='line_1_11' title="bbox 192 1225 832 1302; baseline 0.002 -13"><span class='ocrx_word' id='word_1_64' title='bbox 192 1225 337 1291; x_wconf 80' lang='lat' dir='ltr'>mendaci</span> <span class='ocrx_word' id='word_1_65' title='bbox 355 1247 466 1290; x_wconf 92' lang='lat' dir='ltr'>somno</span> <span class='ocrx_word' id='word_1_66' title='bbox 484 1226 612 1291; x_wconf 81' lang='lat' dir='ltr'>credere</span> <span class='ocrx_word' id='word_1_67' title='bbox 630 1226 697 1291; x_wconf 91' lang='lat' dir='ltr'>sive</span> <span class='ocrx_word' id='word_1_68' title='bbox 714 1225 832 1302; x_wconf 83' lang='lat' dir='ltr'>volent,</span> 
     </span>
     <span class='ocr_line' id='line_1_12' title="bbox 150 1319 796 1385; baseline 0.002 -1"><span class='ocrx_word' id='word_1_69' title='bbox 150 1320 267 1384; x_wconf 84' lang='lat' dir='ltr'>efficiat</span> <span class='ocrx_word' id='word_1_70' title='bbox 285 1342 383 1384; x_wconf 89' lang='lat' dir='ltr'>vanos</span> <span class='ocrx_word' id='word_1_71' title='bbox 402 1320 503 1384; x_wconf 85' lang='lat' dir='ltr'>noetis</span> <span class='ocrx_word' id='word_1_72' title='bbox 523 1319 650 1384; x_wconf 83' lang='lat' dir='ltr'>Lucina</span> <span class='ocrx_word' id='word_1_73' title='bbox 667 1320 796 1385; x_wconf 89' lang='lat' dir='ltr'>timores</span> 
     </span>
     <span class='ocr_line' id='line_1_13' title="bbox 192 1414 888 1500; baseline -0.001 -21"><span class='ocrx_word' id='word_1_74' title='bbox 192 1426 224 1479; x_wconf 92' lang='lat' dir='ltr'>et</span> <span class='ocrx_word' id='word_1_75' title='bbox 241 1415 357 1479; x_wconf 85' lang='lat' dir='ltr'>frustra</span> <span class='ocrx_word' id='word_1_76' title='bbox 374 1414 567 1479; x_wconf 91' lang='lat' dir='ltr'>immeritum</span> <span class='ocrx_word' id='word_1_77' title='bbox 584 1415 784 1500; x_wconf 82' lang='lat' dir='ltr'>pertimuisse</span> <span class='ocrx_word' id='word_1_78' title='bbox 801 1414 888 1491; x_wconf 82' lang='lat' dir='ltr'>velit,</span> 
     </span>
     <span class='ocr_line' id='line_1_14' title="bbox 98 1508 875 1593; baseline -0.004 -19"><span class='ocrx_word' id='word_1_79' title='bbox 98 1517 133 1574; x_wconf 82' lang='lat'>15</span> <span class='ocrx_word' id='word_1_80' title='bbox 150 1508 177 1574; x_wconf 90' lang='lat' dir='ltr'>si</span> <span class='ocrx_word' id='word_1_81' title='bbox 194 1531 266 1574; x_wconf 90' lang='lat' dir='ltr'>mea</span> <span class='ocrx_word' id='word_1_82' title='bbox 283 1530 341 1573; x_wconf 86' lang='lat' dir='ltr'>nee</span> <span class='ocrx_word' id='word_1_83' title='bbox 359 1509 443 1593; x_wconf 83' lang='lat' dir='ltr'>turpi</span> <span class='ocrx_word' id='word_1_84' title='bbox 461 1531 550 1574; x_wconf 90' lang='lat' dir='ltr'>mens</span> <span class='ocrx_word' id='word_1_85' title='bbox 569 1519 618 1573; x_wconf 91' lang='lat' dir='ltr'>est</span> <span class='ocrx_word' id='word_1_86' title='bbox 635 1508 774 1574; x_wconf 88' lang='lat' dir='ltr'>obnoxia</span> <span class='ocrx_word' id='word_1_87' title='bbox 790 1509 875 1572; x_wconf 83' lang='lat' dir='ltr'>facto</span> 
     </span>
     <span class='ocr_line' id='line_1_15' title="bbox 192 1594 857 1690; baseline -0.003 -22"><span class='ocrx_word' id='word_1_88' title='bbox 192 1594 359 1668; x_wconf 52' lang='lat' dir='ltr'>nee&#39;laesit</span> <span class='ocrx_word' id='word_1_89' title='bbox 376 1625 510 1688; x_wconf 81' lang='lat' dir='ltr'>magnos</span> <span class='ocrx_word' id='word_1_90' title='bbox 527 1603 626 1688; x_wconf 85' lang='lat' dir='ltr'>impia</span> <span class='ocrx_word' id='word_1_91' title='bbox 642 1603 754 1690; x_wconf 86' lang='lat' dir='ltr'>lingua</span> <span class='ocrx_word' id='word_1_92' title='bbox 772 1603 857 1668; x_wconf 86' lang='lat' dir='ltr'>deos.</span> 
     </span>
     <span class='ocr_line' id='line_1_16' title="bbox 148 1696 929 1783; baseline -0.001 -22"><span class='ocrx_word' id='word_1_93' title='bbox 148 1699 213 1762; x_wconf 91' lang='lat' dir='ltr'>iam</span> <span class='ocrx_word' id='word_1_94' title='bbox 230 1719 294 1762; x_wconf 85' lang='lat' dir='ltr'>nox</span> <span class='ocrx_word' id='word_1_95' title='bbox 313 1696 487 1762; x_wconf 89' lang='lat' dir='ltr'>aetherium</span> <span class='ocrx_word' id='word_1_96' title='bbox 505 1697 604 1783; x_wconf 81' lang='lat' dir='ltr'>nigris</span> <span class='ocrx_word' id='word_1_97' title='bbox 622 1720 750 1762; x_wconf 88' lang='lat' dir='ltr'>emensa</span> <span class='ocrx_word' id='word_1_98' title='bbox 768 1696 929 1781; x_wconf 83' lang='lat' dir='ltr'>quadrigis</span> 
     </span>
     <span class='ocr_line' id='line_1_17' title="bbox 192 1792 873 1868; baseline -0.003 -12"><span class='ocrx_word' id='word_1_99' title='bbox 192 1792 347 1856; x_wconf 88' lang='lat' dir='ltr'>mundum</span> <span class='ocrx_word' id='word_1_100' title='bbox 365 1792 510 1856; x_wconf 82' lang='lat' dir='ltr'>caeruleo</span> <span class='ocrx_word' id='word_1_101' title='bbox 529 1792 649 1856; x_wconf 89' lang='lat' dir='ltr'>laverat</span> <span class='ocrx_word' id='word_1_102' title='bbox 667 1815 760 1856; x_wconf 90' lang='lat' dir='ltr'>amne</span> <span class='ocrx_word' id='word_1_103' title='bbox 777 1802 873 1868; x_wconf 92' lang='lat' dir='ltr'>rotas,</span> 
     </span>
     <span class='ocr_line' id='line_1_18' title="bbox 149 1885 895 1970; baseline -0.007 -18"><span class='ocrx_word' id='word_1_104' title='bbox 149 1909 209 1952; x_wconf 87' lang='lat' dir='ltr'>neo</span> <span class='ocrx_word' id='word_1_105' title='bbox 226 1909 277 1951; x_wconf 94' lang='lat' dir='ltr'>me</span> <span class='ocrx_word' id='word_1_106' title='bbox 295 1886 432 1970; x_wconf 85' lang='lat' dir='ltr'>sopierat</span> <span class='ocrx_word' id='word_1_107' title='bbox 449 1887 547 1950; x_wconf 89' lang='lat' dir='ltr'>menti</span> <span class='ocrx_word' id='word_1_108' title='bbox 566 1886 644 1949; x_wconf 89' lang='lat' dir='ltr'>dens</span> <span class='ocrx_word' id='word_1_109' title='bbox 662 1885 748 1948; x_wconf 89' lang='lat' dir='ltr'>utilis</span> <span class='ocrx_word' id='word_1_110' title='bbox 766 1906 895 1968; x_wconf 83' lang='lat' dir='ltr'>aegrae:</span> 
     </span>
     <span class='ocr_line' id='line_1_19' title="bbox 97 1978 845 2047; baseline -0.008 0"><span class='ocrx_word' id='word_1_111' title='bbox 97 1993 133 2047; x_wconf 77' lang='lat'>20</span> <span class='ocrx_word' id='word_1_112' title='bbox 194 2002 324 2045; x_wconf 89' lang='lat' dir='ltr'>somnus</span> <span class='ocrx_word' id='word_1_113' title='bbox 343 1978 492 2043; x_wconf 85' lang='lat' dir='ltr'>sollicitas</span> <span class='ocrx_word' id='word_1_114' title='bbox 512 1979 616 2043; x_wconf 86' lang='lat' dir='ltr'>delicit</span> <span class='ocrx_word' id='word_1_115' title='bbox 634 1989 706 2042; x_wconf 89' lang='lat' dir='ltr'>ante</span> <span class='ocrx_word' id='word_1_116' title='bbox 725 1979 845 2042; x_wconf 88' lang='lat' dir='ltr'>domos.</span> 
     </span>
     <span class='ocr_line' id='line_1_20' title="bbox 149 2072 1028 2159; baseline -0.007 -19"><span class='ocrx_word' id='word_1_117' title='bbox 149 2076 288 2150; x_wconf 88' lang='lat' dir='ltr'>tandem,</span> <span class='ocrx_word' id='word_1_118' title='bbox 307 2096 379 2138; x_wconf 90' lang='lat' dir='ltr'>oum</span> <span class='ocrx_word' id='word_1_119' title='bbox 398 2095 521 2137; x_wconf 91' lang='lat' dir='ltr'>summo</span> <span class='ocrx_word' id='word_1_120' title='bbox 538 2072 689 2137; x_wconf 91' lang='lat' dir='ltr'>Phoebus</span> <span class='ocrx_word' id='word_1_121' title='bbox 707 2073 869 2159; x_wconf 89' lang='lat' dir='ltr'>prospexit</span> <span class='ocrx_word' id='word_1_122' title='bbox 888 2072 928 2136; x_wconf 90' lang='lat' dir='ltr'>ab</span> <span class='ocrx_word' id='word_1_123' title='bbox 947 2082 1028 2148; x_wconf 88' lang='lat' dir='ltr'>ortu,</span> 
     </span>
     <span class='ocr_line' id='line_1_21' title="bbox 191 2167 842 2254; baseline -0.005 -21"><span class='ocrx_word' id='word_1_124' title='bbox 191 2169 304 2254; x_wconf 88' lang='lat' dir='ltr'>pressit</span> <span class='ocrx_word' id='word_1_125' title='bbox 320 2167 500 2254; x_wconf 83' lang='lat' dir='ltr'>languentis</span> <span class='ocrx_word' id='word_1_126' title='bbox 518 2167 638 2231; x_wconf 90' lang='lat' dir='ltr'>lumina</span> <span class='ocrx_word' id='word_1_127' title='bbox 656 2190 726 2231; x_wconf 90' lang='lat' dir='ltr'>sera</span> <span class='ocrx_word' id='word_1_128' title='bbox 743 2167 842 2250; x_wconf 90' lang='lat' dir='ltr'>quies.</span> 
     </span>
     <span class='ocr_line' id='line_1_22' title="bbox 148 2260 897 2346; baseline -0.005 -18"><span class='ocrx_word' id='word_1_129' title='bbox 148 2263 200 2328; x_wconf 88' lang='lat' dir='ltr'>hie</span> <span class='ocrx_word' id='word_1_130' title='bbox 217 2263 340 2328; x_wconf 88' lang='lat' dir='ltr'>iuvenis</span> <span class='ocrx_word' id='word_1_131' title='bbox 359 2272 445 2327; x_wconf 85' lang='lat' dir='ltr'>easta</span> <span class='ocrx_word' id='word_1_132' title='bbox 462 2261 627 2326; x_wconf 89' lang='lat' dir='ltr'>redimitus</span> <span class='ocrx_word' id='word_1_133' title='bbox 645 2272 789 2346; x_wconf 88' lang='lat' dir='ltr'>tempora</span> <span class='ocrx_word' id='word_1_134' title='bbox 805 2260 897 2325; x_wconf 90' lang='lat' dir='ltr'>lauro</span> 
     </span>
     <span class='ocr_line' id='line_1_23' title="bbox 192 2355 842 2442; baseline -0.005 -19"><span class='ocrx_word' id='word_1_135' title='bbox 192 2371 240 2423; x_wconf 90' lang='lat' dir='ltr'>est</span> <span class='ocrx_word' id='word_1_136' title='bbox 257 2358 345 2422; x_wconf 88' lang='lat' dir='ltr'>visus</span> <span class='ocrx_word' id='word_1_137' title='bbox 363 2367 471 2421; x_wconf 89' lang='lat' dir='ltr'>nostra</span> <span class='ocrx_word' id='word_1_138' title='bbox 488 2379 607 2442; x_wconf 90' lang='lat' dir='ltr'>ponere</span> <span class='ocrx_word' id='word_1_139' title='bbox 626 2356 700 2421; x_wconf 89' lang='lat' dir='ltr'>sede</span> <span class='ocrx_word' id='word_1_140' title='bbox 718 2355 842 2441; x_wconf 88' lang='lat' dir='ltr'>pedem.</span> 
     </span>
     <span class='ocr_line' id='line_1_24' title="bbox 97 2450 903 2536; baseline -0.006 -17"><span class='ocrx_word' id='word_1_141' title='bbox 97 2471 132 2525; x_wconf 80' lang='lat'>25</span> <span class='ocrx_word' id='word_1_142' title='bbox 149 2477 213 2519; x_wconf 90' lang='lat' dir='ltr'>non</span> <span class='ocrx_word' id='word_1_143' title='bbox 229 2454 284 2517; x_wconf 94' lang='lat' dir='ltr'>illo</span> <span class='ocrx_word' id='word_1_144' title='bbox 302 2452 473 2536; x_wconf 83' lang='lat' dir='ltr'>quiequam</span> <span class='ocrx_word' id='word_1_145' title='bbox 491 2450 660 2515; x_wconf 87' lang='lat' dir='ltr'>formosius</span> <span class='ocrx_word' id='word_1_146' title='bbox 678 2452 744 2515; x_wconf 89' lang='lat' dir='ltr'>ulla</span> <span class='ocrx_word' id='word_1_147' title='bbox 761 2451 903 2536; x_wconf 82' lang='lat' dir='ltr'>priorum</span> 
     </span>
     <span class='ocr_line' id='line_1_25' title="bbox 191 2547 805 2624; baseline -0.005 -11"><span class='ocrx_word' id='word_1_148' title='bbox 191 2559 287 2624; x_wconf 89' lang='lat' dir='ltr'>aetas,</span> <span class='ocrx_word' id='word_1_149' title='bbox 306 2548 427 2612; x_wconf 66' lang='lat' dir='ltr'>turoam</span> <span class='ocrx_word' id='word_1_150' title='bbox 445 2568 504 2611; x_wconf 87' lang='lat' dir='ltr'>neo</span> <span class='ocrx_word' id='word_1_151' title='bbox 523 2548 591 2610; x_wconf 80' lang='lat' dir='ltr'>tulit</span> <span class='ocrx_word' id='word_1_152' title='bbox 607 2547 672 2610; x_wconf 84' lang='lat' dir='ltr'>ulla</span> <span class='ocrx_word' id='word_1_153' title='bbox 690 2549 805 2610; x_wconf 78' lang='lat' dir='ltr'>domas.</span> 
     </span>
     <span class='ocr_line' id='line_1_26' title="bbox 148 2639 807 2727; baseline -0.006 -19"><span class='ocrx_word' id='word_1_154' title='bbox 148 2643 264 2709; x_wconf 92' lang='lat' dir='ltr'>intonsi</span> <span class='ocrx_word' id='word_1_155' title='bbox 281 2641 382 2707; x_wconf 84' lang='lat' dir='ltr'>crines</span> <span class='ocrx_word' id='word_1_156' title='bbox 400 2641 497 2727; x_wconf 84' lang='lat' dir='ltr'>longa</span> <span class='ocrx_word' id='word_1_157' title='bbox 515 2639 636 2705; x_wconf 89' lang='lat' dir='ltr'>oervioe</span> <span class='ocrx_word' id='word_1_158' title='bbox 654 2640 807 2717; x_wconf 84' lang='lat' dir='ltr'>fluebant,</span> 
     </span>
     <span class='ocr_line' id='line_1_27' title="bbox 191 2734 788 2821; baseline -0.007 -19"><span class='ocrx_word' id='word_1_159' title='bbox 191 2737 330 2802; x_wconf 83' lang='lat' dir='ltr'>stillabat</span> <span class='ocrx_word' id='word_1_160' title='bbox 348 2734 442 2821; x_wconf 89' lang='lat' dir='ltr'>Syrio</span> <span class='ocrx_word' id='word_1_161' title='bbox 460 2746 582 2820; x_wconf 86' lang='lat' dir='ltr'>myrtea</span> <span class='ocrx_word' id='word_1_162' title='bbox 599 2756 670 2799; x_wconf 90' lang='lat' dir='ltr'>rore</span> <span class='ocrx_word' id='word_1_163' title='bbox 689 2757 788 2800; x_wconf 85' lang='lat' dir='ltr'>coma.</span> 
     </span>
     <span class='ocr_line' id='line_1_28' title="bbox 149 2826 1039 2913; baseline -0.009 -16"><span class='ocrx_word' id='word_1_164' title='bbox 149 2831 268 2897; x_wconf 86' lang='lat' dir='ltr'>candor</span> <span class='ocrx_word' id='word_1_165' title='bbox 286 2839 362 2905; x_wconf 87' lang='lat' dir='ltr'>erat,</span> <span class='ocrx_word' id='word_1_166' title='bbox 381 2829 508 2911; x_wconf 87' lang='lat' dir='ltr'>qualem</span> <span class='ocrx_word' id='word_1_167' title='bbox 526 2828 665 2913; x_wconf 87' lang='lat' dir='ltr'>praefert</span> <span class='ocrx_word' id='word_1_168' title='bbox 683 2828 821 2891; x_wconf 89' lang='lat' dir='ltr'>Latonia</span> <span class='ocrx_word' id='word_1_169' title='bbox 839 2826 945 2904; x_wconf 88' lang='lat' dir='ltr'>Luna,</span> <span class='ocrx_word' id='word_1_170' title='bbox 1035 2868 1039 2875; x_wconf 63' lang='grc'><strong>»</strong></span> 
     </span>
     <span class='ocr_line' id='line_1_29' title="bbox 98 2922 840 3007; baseline -0.004 -19"><span class='ocrx_word' id='word_1_171' title='bbox 98 2935 133 2988; x_wconf 85' lang='grc'>30</span> <span class='ocrx_word' id='word_1_172' title='bbox 193 2935 224 2990; x_wconf 86' lang='lat' dir='ltr'>et</span> <span class='ocrx_word' id='word_1_173' title='bbox 241 2925 327 2990; x_wconf 91' lang='lat' dir='ltr'>oolor</span> <span class='ocrx_word' id='word_1_174' title='bbox 343 2923 375 2986; x_wconf 92' lang='lat' dir='ltr'>in</span> <span class='ocrx_word' id='word_1_175' title='bbox 393 2922 486 2987; x_wconf 89' lang='lat' dir='ltr'>niveo</span> <span class='ocrx_word' id='word_1_176' title='bbox 505 2944 635 3007; x_wconf 86' lang='lat' dir='ltr'>corpore</span> <span class='ocrx_word' id='word_1_177' title='bbox 652 2944 840 3007; x_wconf 76' lang='lat' dir='ltr'>purpureus,</span> 
     </span>
     <span class='ocr_line' id='line_1_30' title="bbox 148 3015 858 3102; baseline -0.006 -18"><span class='ocrx_word' id='word_1_178' title='bbox 148 3029 184 3084; x_wconf 84' lang='lat' dir='ltr'>ut</span> <span class='ocrx_word' id='word_1_179' title='bbox 201 3018 309 3083; x_wconf 85' lang='lat' dir='ltr'>iuveni</span> <span class='ocrx_word' id='word_1_180' title='bbox 326 3017 463 3102; x_wconf 90' lang='lat' dir='ltr'>primum</span> <span class='ocrx_word' id='word_1_181' title='bbox 482 3017 571 3102; x_wconf 84' lang='lat' dir='ltr'>virgo</span> <span class='ocrx_word' id='word_1_182' title='bbox 591 3016 727 3081; x_wconf 81' lang='lat' dir='ltr'>deducta</span> <span class='ocrx_word' id='word_1_183' title='bbox 745 3015 858 3080; x_wconf 87' lang='lat' dir='ltr'>marito</span> 
     </span>
     <span class='ocr_line' id='line_1_31' title="bbox 191 3110 821 3196; baseline -0.003 -19"><span class='ocrx_word' id='word_1_184' title='bbox 191 3113 328 3177; x_wconf 82' lang='lat' dir='ltr'>inlicitur</span> <span class='ocrx_word' id='word_1_185' title='bbox 346 3122 468 3176; x_wconf 90' lang='lat' dir='ltr'>teneras</span> <span class='ocrx_word' id='word_1_186' title='bbox 487 3132 541 3175; x_wconf 92' lang='lat' dir='ltr'>ore</span> <span class='ocrx_word' id='word_1_187' title='bbox 558 3110 693 3175; x_wconf 90' lang='lat' dir='ltr'>rubente</span> <span class='ocrx_word' id='word_1_188' title='bbox 712 3133 821 3196; x_wconf 85' lang='lat' dir='ltr'>genas,</span> 
     </span>
     <span class='ocr_line' id='line_1_32' title="bbox 150 3205 884 3290; baseline -0.007 -17"><span class='ocrx_word' id='word_1_189' title='bbox 150 3218 271 3273; x_wconf 85' lang='lat' dir='ltr'>etcum</span> <span class='ocrx_word' id='word_1_190' title='bbox 290 3216 462 3272; x_wconf 87' lang='lat' dir='ltr'>contexunt</span> <span class='ocrx_word' id='word_1_191' title='bbox 480 3205 648 3269; x_wconf 90' lang='lat' dir='ltr'>amarantis</span> <span class='ocrx_word' id='word_1_192' title='bbox 667 3205 741 3269; x_wconf 93' lang='lat' dir='ltr'>alba</span> <span class='ocrx_word' id='word_1_193' title='bbox 757 3205 884 3290; x_wconf 91' lang='lat' dir='ltr'>puellae</span> 
     </span>
     <span class='ocr_line' id='line_1_33' title="bbox 192 3298 874 3367; baseline -0.006 0"><span class='ocrx_word' id='word_1_194' title='bbox 192 3302 258 3367; x_wconf 89' lang='lat' dir='ltr'>lilia</span> <span class='ocrx_word' id='word_1_195' title='bbox 275 3313 307 3365; x_wconf 90' lang='lat' dir='ltr'>et</span> <span class='ocrx_word' id='word_1_196' title='bbox 324 3312 476 3365; x_wconf 87' lang='lat' dir='ltr'>autumno</span> <span class='ocrx_word' id='word_1_197' title='bbox 494 3299 629 3364; x_wconf 81' lang='lat' dir='ltr'>candida</span> <span class='ocrx_word' id='word_1_198' title='bbox 646 3298 731 3364; x_wconf 84' lang='lat' dir='ltr'>mala</span> <span class='ocrx_word' id='word_1_199' title='bbox 748 3299 874 3364; x_wconf 88' lang='lat' dir='ltr'>rubent.</span> 
     </span>
     <span class='ocr_line' id='line_1_34' title="bbox 100 3393 765 3479; baseline -0.017 -11"><span class='ocrx_word' id='word_1_200' title='bbox 100 3413 136 3468; x_wconf 81' lang='lat'>35</span> <span class='ocrx_word' id='word_1_201' title='bbox 152 3397 217 3463; x_wconf 88' lang='lat' dir='ltr'>ima</span> <span class='ocrx_word' id='word_1_202' title='bbox 233 3394 401 3461; x_wconf 83' lang='lat' dir='ltr'>videbatur</span> <span class='ocrx_word' id='word_1_203' title='bbox 417 3394 489 3459; x_wconf 89' lang='lat' dir='ltr'>talis</span> <span class='ocrx_word' id='word_1_204' title='bbox 506 3393 649 3459; x_wconf 88' lang='lat' dir='ltr'>inludere</span> <span class='ocrx_word' id='word_1_205' title='bbox 666 3393 765 3479; x_wconf 89' lang='lat' dir='ltr'>palla:</span> 
     </span>
     <span class='ocr_line' id='line_1_35' title="bbox 192 3485 955 3572; baseline -0.007 -17"><span class='ocrx_word' id='word_1_206' title='bbox 192 3510 331 3572; x_wconf 91' lang='lat' dir='ltr'>namque</span> <span class='ocrx_word' id='word_1_207' title='bbox 348 3488 428 3552; x_wconf 85' lang='lat' dir='ltr'>haee</span> <span class='ocrx_word' id='word_1_208' title='bbox 445 3488 479 3551; x_wconf 89' lang='lat' dir='ltr'>in</span> <span class='ocrx_word' id='word_1_209' title='bbox 496 3488 596 3551; x_wconf 90' lang='lat' dir='ltr'>nitido</span> <span class='ocrx_word' id='word_1_210' title='bbox 615 3509 746 3571; x_wconf 81' lang='lat' dir='ltr'>corpore</span> <span class='ocrx_word' id='word_1_211' title='bbox 764 3485 860 3551; x_wconf 89' lang='lat' dir='ltr'>vestis</span> <span class='ocrx_word' id='word_1_212' title='bbox 878 3495 955 3550; x_wconf 82' lang='lat' dir='ltr'>erat.</span> 
     </span>
     <span class='ocr_line' id='line_1_36' title="bbox 151 3581 909 3668; baseline -0.009 -17"><span class='ocrx_word' id='word_1_213' title='bbox 151 3586 225 3651; x_wconf 87' lang='lat' dir='ltr'>artis</span> <span class='ocrx_word' id='word_1_214' title='bbox 242 3606 322 3668; x_wconf 91' lang='lat' dir='ltr'>opus</span> <span class='ocrx_word' id='word_1_215' title='bbox 339 3604 440 3658; x_wconf 87' lang='lat' dir='ltr'>rarae,</span> <span class='ocrx_word' id='word_1_216' title='bbox 458 3581 586 3666; x_wconf 85' lang='lat' dir='ltr'>fulgens</span> <span class='ocrx_word' id='word_1_217' title='bbox 604 3581 761 3646; x_wconf 90' lang='lat' dir='ltr'>testudine</span> <span class='ocrx_word' id='word_1_218' title='bbox 784 3591 815 3646; x_wconf 86' lang='lat' dir='ltr'>et</span> <span class='ocrx_word' id='word_1_219' title='bbox 833 3602 909 3645; x_wconf 87' lang='lat' dir='ltr'>auro</span> 
     </span>
     <span class='ocr_line' id='line_1_37' title="bbox 192 3675 810 3765; baseline -0.01 -21"><span class='ocrx_word' id='word_1_220' title='bbox 192 3676 352 3765; x_wconf 90' lang='lat' dir='ltr'>pendebat</span> <span class='ocrx_word' id='word_1_221' title='bbox 369 3675 462 3740; x_wconf 87' lang='lat' dir='ltr'>laeva</span> <span class='ocrx_word' id='word_1_222' title='bbox 479 3676 607 3760; x_wconf 85' lang='lat' dir='ltr'>garrula</span> <span class='ocrx_word' id='word_1_223' title='bbox 624 3687 714 3761; x_wconf 88' lang='lat' dir='ltr'>parte</span> <span class='ocrx_word' id='word_1_224' title='bbox 731 3676 810 3758; x_wconf 85' lang='lat' dir='ltr'>lyra.</span> 
     </span>
     <span class='ocr_line' id='line_1_38' title="bbox 150 3767 1009 3858; baseline -0.009 -20"><span class='ocrx_word' id='word_1_225' title='bbox 150 3772 233 3838; x_wconf 87' lang='lat' dir='ltr'>hane</span> <span class='ocrx_word' id='word_1_226' title='bbox 250 3772 387 3858; x_wconf 91' lang='lat' dir='ltr'>primum</span> <span class='ocrx_word' id='word_1_227' title='bbox 405 3769 535 3834; x_wconf 86' lang='lat' dir='ltr'>veniens</span> <span class='ocrx_word' id='word_1_228' title='bbox 552 3768 671 3854; x_wconf 84' lang='lat' dir='ltr'>plectro</span> <span class='ocrx_word' id='word_1_229' title='bbox 689 3767 870 3832; x_wconf 87' lang='lat' dir='ltr'>modulatus</span> <span class='ocrx_word' id='word_1_230' title='bbox 889 3767 1009 3832; x_wconf 87' lang='lat' dir='ltr'>eburno</span> 
     </span>
     <span class='ocr_line' id='line_1_39' title="bbox 98 3863 770 3941; baseline -0.013 -7"><span class='ocrx_word' id='word_1_231' title='bbox 98 3883 134 3941; x_wconf 89' lang='grc' dir='ltr'>4ο</span> <span class='ocrx_word' id='word_1_232' title='bbox 193 3868 301 3933; x_wconf 82' lang='lat' dir='ltr'>felices</span> <span class='ocrx_word' id='word_1_233' title='bbox 320 3876 430 3930; x_wconf 83' lang='lat' dir='ltr'>cantus</span> <span class='ocrx_word' id='word_1_234' title='bbox 449 3886 502 3929; x_wconf 90' lang='lat' dir='ltr'>ore</span> <span class='ocrx_word' id='word_1_235' title='bbox 520 3865 651 3928; x_wconf 87' lang='lat' dir='ltr'>sonante</span> <span class='ocrx_word' id='word_1_236' title='bbox 670 3863 770 3928; x_wconf 87' lang='lat' dir='ltr'>dedit:</span> 
     </span>
     <span class='ocr_line' id='line_1_40' title="bbox 151 3953 960 4048; baseline -0.017 -17"><span class='ocrx_word' id='word_1_237' title='bbox 151 3964 207 4031; x_wconf 89' lang='lat' dir='ltr'>sed</span> <span class='ocrx_word' id='word_1_238' title='bbox 229 3972 398 4048; x_wconf 89' lang='lat' dir='ltr'>postquam</span> <span class='ocrx_word' id='word_1_239' title='bbox 415 3958 541 4024; x_wconf 86' lang='lat' dir='ltr'>fuerant</span> <span class='ocrx_word' id='word_1_240' title='bbox 558 3957 648 4043; x_wconf 83' lang='lat' dir='ltr'>digiti</span> <span class='ocrx_word' id='word_1_241' title='bbox 667 3979 739 4022; x_wconf 90' lang='lat' dir='ltr'>oum</span> <span class='ocrx_word' id='word_1_242' title='bbox 757 3977 836 4020; x_wconf 87' lang='lat' dir='ltr'>voee</span> <span class='ocrx_word' id='word_1_243' title='bbox 853 3953 960 4030; x_wconf 83' lang='lat' dir='ltr'>locuti,</span> 
     </span>
     <span class='ocr_line' id='line_1_41' title="bbox 183 4049 853 4121; baseline -0.012 0"><span class='ocrx_word' id='word_1_244' title='bbox 183 4057 287 4121; x_wconf 77' lang='lat' dir='ltr'>ecrl&#39;dit</span> <span class='ocrx_word' id='word_1_245' title='bbox 302 4055 385 4120; x_wconf 75' lang='lat' dir='ltr'>liaeo</span> <span class='ocrx_word' id='word_1_246' title='bbox 402 4052 489 4121; x_wconf 83' lang='lat' dir='ltr'>dulei</span> <span class='ocrx_word' id='word_1_247' title='bbox 509 4053 611 4119; x_wconf 86' lang='lat' dir='ltr'>tristia</span> <span class='ocrx_word' id='word_1_248' title='bbox 628 4052 727 4119; x_wconf 86' lang='lat' dir='ltr'>verba</span> <span class='ocrx_word' id='word_1_249' title='bbox 744 4049 853 4115; x_wconf 87' lang='lat' dir='ltr'>modo:</span> 
     </span>
    </p>
   </div>
   <div class='ocr_carea' id='block_1_4' title="bbox 0 0 1288 4448">
    <p class='ocr_par' dir='ltr' id='par_1_4' title="bbox 0 0 1288 4448">
     <span class='ocr_line' id='line_1_42' title="bbox 0 0 1288 4448; baseline 0 2"><span class='ocrx_word' id='word_1_250' title='bbox 0 0 1288 4448; x_wconf 95' lang='lat' dir='ltr'> </span> 
     </span>
    </p>
   </div>
  </div>
 </body>
</html>
