2566 4448
570 224 695 283 mar

123 361 179 416 aut
195 362 231 417 ut
248 348 349 417 multa
366 349 430 418 mei
447 361 635 417 renovarent
652 352 764 436 iugera
781 348 864 415 tauri

165 456 196 511 et
212 470 346 532 magnas
364 469 483 512 messes
500 458 584 512 terra
602 446 741 530 benigna
759 445 858 523 daret,

122 541 179 605 sed
195 551 301 605 tecum
319 551 355 605 ut
372 541 485 627 longae
502 541 656 606 sociarem
673 539 790 626 gaudia
808 540 892 604 vitae

163 635 261 718 inque
278 647 333 700 tuo
351 636 477 701 caderet
494 646 602 700 nostra
620 645 746 700 senecta
764 634 845 709 sinu,

122 738 191 792 tum
208 751 281 793 eum
299 752 465 815 permenso
483 729 652 795 defunctus
671 740 812 814 tempore
829 727 910 793 lueis

164 824 269 888 nudus
286 823 431 889 Lethaea
448 846 577 909 cogerer
593 824 640 889 ire
657 824 744 888 rate?

121 940 196 981 nam
213 940 311 1003 grave
329 919 406 1002 quid
423 918 553 1004 prodest
569 918 694 1004 pondus
712 916 790 981 mihi
807 915 914 980 divitis
932 914 1011 992 auri,

165 1034 302 1096 arvaque
321 1013 347 1076 si
363 1013 486 1077 findant
502 1012 634 1098 pinguia
651 1012 736 1076 mille
754 1011 871 1076 boves?

122 1106 238 1189 quidve
256 1107 369 1171 domus
386 1107 516 1192 prodest
532 1107 682 1191 Phrygiis
700 1105 810 1170 innixa
828 1104 994 1182 columnis,

165 1200 308 1266 Taenare
327 1202 393 1266 sive
411 1201 484 1277 tuis,
503 1200 569 1265 sive
588 1198 724 1285 Caryste
741 1200 813 1276 tuis,

122 1301 153 1359 et
169 1316 300 1360 nemora
316 1295 350 1359 in
367 1294 513 1359 domibus
531 1316 636 1360 saeros
653 1294 811 1359 imitantia
827 1295 916 1360 lucos

164 1400 357 1472 aurataeque
374 1389 480 1454 trabes
498 1410 774 1472 marmoreumque
793 1389 915 1455 solum?

121 1482 238 1564 quidve
255 1483 288 1546 in
306 1482 483 1567 Erythraeo
501 1484 617 1569 legitur
634 1505 717 1568 quae
734 1483 825 1548 litore
844 1482 965 1548 coneha

164 1576 325 1660 tinctaque
345 1576 477 1641 Sidonio
493 1577 613 1643 murice
631 1579 704 1641 lana
721 1578 821 1654 iuvat,

123 1680 154 1734 et
171 1691 253 1753 quae
271 1683 434 1755 praeterea
450 1673 587 1757 populus
604 1671 756 1736 miratur?
777 1671 811 1735 in
828 1671 888 1735 illis

163 1764 283 1828 invidia
301 1775 361 1830 est:
379 1765 460 1831 falso
478 1765 615 1851 plurima
632 1766 748 1851 vulgus
767 1775 862 1830 amat.

120 1881 184 1922 non
202 1859 316 1944 opibus
334 1871 455 1924 mentes
473 1859 637 1924 hominum
655 1881 814 1943 curaeque
830 1860 990 1925 levantur:

164 1976 239 2018 nam
255 1953 383 2018 fortuna
401 1977 460 2019 sua
477 1965 621 2040 tempora
637 1955 709 2041 lege
726 1954 817 2040 regit.
964 1965 967 1973 “

122 2045 162 2110 sit
178 2047 257 2110 mihi
274 2059 443 2132 paupertas
461 2058 568 2113 tecum
584 2049 734 2125 iucunda,
752 2049 890 2113 Neaera:

165 2150 197 2204 at
214 2140 281 2205 sine
299 2151 330 2207 te
348 2164 460 2227 regum
476 2166 609 2207 munera
626 2143 715 2207 nulla
732 2143 813 2206 volo,

123 2254 142 2298 o
159 2233 295 2310 niveam,
313 2257 395 2318 quae
413 2247 445 2300 te
462 2236 577 2320 poterit
594 2236 672 2300 mihi
688 2236 830 2313 reddere,
848 2236 966 2302 lucem!

165 2349 184 2391 ο
201 2328 279 2392 mihi
297 2327 423 2393 felicem
441 2335 552 2413 terque
569 2341 744 2413 quaterque
762 2330 860 2395 diem!

122 2432 155 2486 at
172 2422 208 2500 si,
226 2443 284 2508 pro
303 2423 388 2488 dulei
405 2423 510 2488 reditu
527 2444 747 2507 quaecumque
764 2436 929 2502 voventur,

164 2517 274 2582 audiat
291 2539 403 2582 aversa
420 2540 484 2582 non
501 2540 590 2583 meus
609 2541 685 2582 aure
704 2517 792 2593 deus,

121 2633 180 2677 nee
197 2633 248 2676 me
266 2633 367 2697 regna
384 2612 494 2677 iuvant
511 2634 570 2678 nee
588 2611 713 2697 Lydius
732 2612 849 2678 aurifer
867 2613 968 2677 amnia

163 2728 223 2771 nee
240 2727 319 2789 quas
337 2717 493 2771 terramm
511 2707 645 2772 sustinet
664 2707 748 2771 orbis
766 2729 853 2792 opes.

121 2798 199 2865 haee
217 2800 271 2865 alii
289 2802 427 2886 cupiant,
445 2802 539 2866 liceat
556 2801 635 2865 mihi
652 2823 792 2887 paupere
811 2803 899 2868 cultu

165 2916 275 2959 securo
293 2917 368 2959 cara
385 2896 521 2981 coniuge
539 2918 632 2980 posse
650 2895 723 2960 frui.

122 2989 206 3053 adsis
224 2999 255 3054 et
272 2989 390 3054 timidis
408 2991 529 3067 faveas,
549 2989 709 3068 Saturnia,
727 2991 821 3068 votis,

165 3093 196 3147 et
212 3083 320 3148 faveas
339 3084 469 3163 coneha,
488 3083 618 3170 Cypria,
636 3096 729 3151 vecta
745 3095 810 3151 tua.

121 3187 177 3241 aut
194 3177 221 3241 si
238 3177 305 3241 fata
320 3191 439 3264 negant
456 3180 595 3246 reditum
611 3179 778 3262 tristesque
796 3201 929 3256 sorores,

164 3271 298 3337 stamina
315 3293 396 3355 quae
415 3273 534 3339 dueunt
551 3296 697 3359 quaeque
715 3275 824 3337 futura
840 3284 949 3350 neunt,

121 3389 172 3433 me
189 3376 281 3432 vocet
297 3366 331 3430 in
348 3379 454 3433 vastos
473 3392 581 3434 amnes
600 3369 789 3453 nigramque
807 3368 956 3452 paludem

164 3459 304 3555 dives-in
321 3458 437 3547 ignava
454 3463 576 3528 luridus
595 3459 701 3528 Oreus
719 3483 813 3545 aqua.

601 3814 662 3882 IV.

121 3924 167 3996 Di
182 3932 312 3998 meliora
329 3933 443 4010 ferant,
462 3955 522 3998 nee
540 3933 603 3999 sint
620 3933 698 3998 mihi
715 3933 837 3999 somnia
857 3957 939 4013 vera,

146 4032 246 4115 'quae
263 4027 332 4096 tulit
351 4027 499 4099 hesterna
516 4028 658 4123 pessima
672 4039 773 4097 neate
788 4029 899 4115 quites.
