2566 4448
583 283 632 337 19

143 429 238 493 saepe
256 408 357 472 solent
375 428 452 472 auro
470 407 569 471 multa
587 406 717 471 subesse
733 406 827 473 mala.

101 501 217 566 divitiis
236 513 347 587 captus
365 502 392 566 si
409 501 479 585 quis
496 500 626 565 violavit
644 523 794 578 amorem,

143 618 318 681 asperaque
336 606 383 660 est
399 596 445 660 illi
463 595 662 679 difficilisque
680 595 800 660 Venus.

100 711 157 755 ure
175 713 281 755 meum
298 691 402 777 potius
420 692 548 755 flamma
564 700 660 775 caput
678 699 710 753 et
725 699 798 775 pete
815 689 899 754 ferro

145 806 258 869 corpus
276 795 308 850 et
324 786 439 849 intorto
456 785 588 850 verbere
606 796 696 869 terga
713 805 795 849 seca.

101 900 160 943 nec
176 879 234 943 tibi
252 879 374 944 celandi
391 900 464 964 spes
481 879 522 943 sit
539 900 671 964 peccare
688 878 826 963 paranti:

144 984 191 1037 est
209 973 297 1050 deus,
315 974 455 1038 occultos
473 973 528 1056 qui
546 984 631 1038 vetat
649 995 717 1037 esse
736 972 834 1036 dolos.

100 1065 169 1151 ipse
188 1067 265 1131 deus
282 1067 377 1133 tacito
394 1067 536 1153 permisit
552 1089 640 1153 scope
657 1065 799 1130 ministro

144 1161 250 1226 ederet
268 1174 302 1226 ut
319 1163 419 1226 multo
437 1161 537 1225 libera
554 1160 652 1225 verba
669 1181 770 1224 mero:

101 1254 169 1341 ipse
188 1256 266 1320 deus
286 1278 397 1321 somno
416 1255 550 1320 domitos
569 1255 711 1319 emittere
729 1276 840 1319 vocem

141 1349 233 1414 iussit
251 1361 282 1415 et
298 1350 413 1414 invitos
430 1349 516 1414 facta
533 1348 672 1435 tegenda
690 1347 796 1431 loqui?

99 1440 178 1507 haec
196 1465 256 1528 ego
275 1443 433 1508 dicebam:
452 1465 537 1507 nunc
554 1465 605 1507 me
623 1442 750 1507 flevisse
767 1443 958 1525 loquentem,

141 1559 227 1600 nuno
244 1537 343 1621 pudet
361 1537 401 1600 ad
419 1548 543 1601 teneros
560 1536 766 1621 procubuisse
784 1535 891 1621 pedes.

100 1640 175 1695 tunc
193 1629 271 1693 mihi
288 1631 414 1695 iurabas
432 1631 520 1696 nullo
539 1643 566 1695 te
583 1631 688 1695 divitis
707 1630 776 1694 auri

141 1725 291 1810 pondere,
309 1747 373 1790 non
392 1725 536 1811 gemmis,
555 1724 692 1790 vendere
711 1724 792 1789 velle
810 1723 915 1798 fidem,

98 1841 162 1883 non
179 1818 237 1882 tibi
255 1819 282 1883 si
298 1820 434 1904 pretium
453 1817 630 1904 Campania
648 1830 733 1883 terra
750 1817 887 1894 daretur,

141 1935 205 1976 non
222 1913 280 1977 tibi
299 1913 325 1977 si
342 1913 464 1979 Bacchi
481 1936 557 1979 cura
574 1913 729 1977 Falernus
748 1935 832 1998 ager.

98 2007 159 2070 illis
177 2007 314 2093 eriperes
333 2008 438 2073 verbis
456 2007 534 2072 mihi
552 2008 656 2073 sidera
674 2006 754 2072 caeli

141 2101 247 2165 lucere
265 2113 297 2166 et
314 2124 409 2186 puras
427 2101 568 2166 fulminis
586 2124 655 2167 esse
673 2101 750 2166 vias.

99 2193 176 2277 quin
195 2195 288 2258 etiam
305 2194 418 2259 flebas:
437 2207 470 2259 at
486 2217 550 2261 non
569 2218 629 2281 ego
647 2195 755 2260 fallere
774 2194 884 2259 doctus

142 2287 305 2373 tergebam
323 2299 467 2353 umentes
485 2289 632 2353 credulus
649 2311 750 2372 usque
767 2312 875 2375 genas.

98 2382 177 2466 quid
194 2381 319 2459 faciam,
336 2382 398 2446 nisi
416 2393 447 2447 et
464 2382 531 2467 ipse
549 2382 633 2446 fores
650 2381 685 2445 in
702 2403 808 2447 amore
825 2383 968 2468 puellae?

141 2477 180 2541 sit
197 2497 309 2561 precor
326 2476 471 2562 exemplo
489 2479 529 2540 ait
546 2476 624 2541 levis
641 2475 696 2541 illa
713 2486 776 2539 tuo.
935 2550 946 2569 ι

99 2592 117 2635 o
135 2571 291 2654 quotiens,
309 2569 472 2636 verbisne
491 2571 658 2655 quisquam
676 2569 820 2635 conscius
839 2581 931 2646 esset,

140 2665 208 2750 ipse
227 2686 333 2730 comes
350 2665 451 2730 multa
467 2665 588 2730 lumina
604 2676 697 2730 nocte
715 2663 787 2729 tulit

100 2781 192 2845 saepe
210 2759 382 2845 insperanti
400 2760 486 2825 venit
503 2759 562 2823 tibi
578 2781 709 2824 munere
730 2769 837 2822 nostro

142 2863 173 2917 et
189 2854 280 2917 latuit
297 2854 420 2918 clausas
437 2863 509 2939 post
526 2853 676 2939 adoperta
693 2853 785 2917 fores.

99 2956 166 3011 tum
184 2946 277 3012 miser
294 2948 407 3025 interii,
425 2947 520 3013 stulte
538 2949 674 3012 confisus
692 2946 805 3013 amari:

140 3063 215 3104 nam
231 3053 373 3126 poteram
391 3041 432 3107 ad
449 3042 579 3126 laqueos
597 3041 718 3107 cautior
735 3065 804 3107 esse
822 3053 903 3107 tuos.

97 3135 176 3221 quin
194 3135 288 3199 etiam
306 3137 437 3202 attonita
453 3137 563 3203 laudes
581 3137 638 3202 tibi
655 3149 760 3202 mente
779 3138 941 3214 canebam,

142 3241 173 3295 et
190 3253 241 3294 me
259 3252 344 3294 nunc
361 3231 459 3296 nostri
476 3231 703 3316 Pieridumque
720 3232 828 3317 pudet.

96 3324 151 3388 illa
168 3324 263 3388 velim
280 3324 390 3409 rapida
407 3326 571 3392 Vulcanus
590 3326 729 3391 carmina
745 3327 872 3389 flamma

139 3428 256 3482 torreat
274 3429 305 3482 et
322 3417 442 3501 liquida
459 3418 564 3484 deleat
580 3420 681 3484 amnis
700 3440 792 3502 aqua.

97 3523 132 3576 tu
149 3511 260 3597 procul
277 3510 352 3576 hinc
370 3512 466 3589 absis,
485 3513 536 3576 cui
554 3513 688 3577 formam
705 3512 841 3578 vendere
859 3536 934 3580 cura
953 3529 1000 3580 est

140 3618 171 3671 et
188 3606 324 3691 pretium
342 3606 436 3690 plena
453 3606 575 3691 grande
592 3607 709 3672 referre
728 3631 833 3672 manu.

98 3709 130 3764 at
147 3711 188 3776 te,
207 3701 262 3783 qui
279 3722 414 3785 puerum
431 3699 521 3763 donis
540 3723 740 3786 corrumpere
758 3725 791 3767 es
809 3725 915 3779 ausus,

139 3792 239 3858 rideat
256 3794 397 3859 adsiduis
415 3815 496 3858 uxor
513 3794 614 3860 inulta
631 3796 720 3872 dolis,

98 3897 129 3951 et
147 3907 219 3950 cum
236 3887 353 3954 furtivo
371 3890 518 3954 iuvenem
535 3890 699 3965 lassaverit
716 3914 786 3967 usu,

140 3991 244 4045 tecum
260 3982 443 4068 interposita
460 3984 612 4069 languida
628 3996 715 4048 veste
733 3985 836 4050 cubet.

97 4097 221 4163 semper
239 4075 300 4142 sint
318 4089 448 4144 externa
465 4089 519 4145 tuo
531 4078 671 4170 uestigia
687 4080 779 4158 lecto,
