2566 4448
187 286 230 352 26
434 358 437 364 ,
494 354 497 359 ,
533 361 535 366 .
670 298 734 354 111

170 424 244 488 'sed
263 425 357 489 ‘bene
374 421 573 489 Messallam'
593 443 651 485 sua
668 419 803 505 quisque
821 421 862 487 ad
880 425 995 508 poeula
1012 424 1104 501 dieat,

230 520 395 583 nomen'et
413 516 551 582 absentis
570 514 695 602 singula
713 517 810 580 verba
827 530 962 607 sonent·
1022 520 1029 528 ’

93 656 96 661 -
157 635 160 640 ·
187 612 291 696 gentis
309 611 492 696 Aquitanae
510 610 633 676 celeber
649 609 801 675 Messalla
819 610 986 698 triumphis
1002 658 1005 662 ι
1086 604 1088 608 ¹

231 716 263 770 et
280 729 397 791 magna
413 703 546 770 intonsis
565 702 666 791 gloria
678 702 879 780 'vietoravis

110 806 114 815 '
136 814 171 869 35
187 799 251 865 huo
269 794 636 886 ades'aspiraquemihi,
655 798 731 862 dum
747 798 888 883 ¹carmine
905 811 1013 866 nostro

230 894 374 958 redditur
391 894 537 978 agricolis
555 893 658 978 gratia
676 892 849 964 caelitibus.
938 957 943 961 ,
1166 910 1173 950 t
1244 900 1247 907 '

98 1045 101 1050 .
187 1009 263 1051 rura
280 1010 359 1052 cano
377 989 522 1072 rurisque
540 987 626 1051 deos.
662 986 711 1050 his
729 987 796 1067 vita
813 987 972 1073 magistris
1074 1007 1128 1047 κ’

193 1136 197 1142 .
231 1081 373 1153 desuevit
391 1103 511 1164 querna
528 1080 645 1165 pellere
662 1079 779 1165 glande
797 1079 929 1145 famem:

162 1172 164 1176 ⁴
188 1172 233 1238 illi
252 1175 431 1260 compositis
449 1175 587 1259 primum
606 1174 868 1258 docueretigillis

136 1276 172 1329 40
232 1268 381 1352 exiguam
399 1268 491 1333 viridi
508 1267 621 1333 fronde
639 1268 761 1353 operire
779 1269 923 1333 domums

188 1363 234 1426 illi
252 1363 347 1427 etiam
364 1375 471 1427 tauros
489 1363 582 1448 primi
600 1363 745 1429 docuisse
761 1363 906 1429 feruntur

232 1458 395 1522 servitium
413 1468 445 1523 et
462 1458 603 1543 plaustro
622 1456 825 1544 supposuisse
842 1468 953 1522 rotam.

189 1561 257 1616 turn
275 1552 377 1616 vietus
396 1551 502 1616 abiere
519 1552 589 1629 feri,
607 1562 675 1616 tum
693 1552 814 1616 consita
831 1575 955 1638 pomus,

231 1660 300 1709 tum
316 1645 397 1710 bibit
413 1646 549 1732 irriguas
566 1646 677 1711 fertilis
695 1647 804 1711 hortus
823 1670 932 1730 aquas,

137 1755 172 1810 45
189 1763 287 1805 aurea
304 1751 373 1805 tum
390 1763 515 1826 pressos
533 1741 668 1827 pedibus
687 1741 774 1807 dedit
791 1765 854 1806 uva
870 1742 1007 1824 liquores

231 1836 394 1918 mixtaque
412 1858 522 1901 securo
542 1847 589 1901 θεῖ
607 1835 713 1902 sobria
730 1836 861 1921 lympha
877 1857 974 1900 mero.
1016 1852 1019 1857 ·

188 1952 263 1993 rura
281 1930 388 1994 ferunt
405 1953 533 2007 messes,
553 1930 646 1995 calidi
663 1952 736 1994 oum
755 1929 865 1993 sideris
883 1924 972 1994 aestu

232 2023 361 2109 deponit
378 2025 476 2089 flavas
495 2047 601 2088 annua
618 2035 702 2088 terra
719 2045 834 2087 eomas.

188 2140 261 2183 rure
278 2118 357 2182 levis
376 2139 472 2183 vomo
489 2118 582 2207 flores
600 2117 668 2202 apis
686 2116 801 2202 ingerit
819 2117 920 2194 alveo,

137 2227 172 2281 50
232 2211 388 2296 compleat
405 2223 441 2276 ut
458 2211 543 2276 dulei
561 2210 672 2275 sedula
693 2211 786 2275 melle
804 2210 905 2275 favos.
949 2241 951 2245 ’

189 2305 328 2390 agricola
346 2305 479 2395 adsiduo
497 2305 635 2390 primurn
653 2304 785 2369 satiatus
804 2315 907 2370 aratro

231 2399 369 2463 cantavit
387 2412 471 2463 certo
489 2400 607 2464 rustica
624 2399 722 2464 verba
740 2400 821 2484 pede

190 2503 221 2557 et
239 2504 327 2557 satur
344 2494 444 2559 arenti
461 2494 598 2580 primurn
616 2503 664 2559 est
681 2494 862 2559 modulatus
881 2518 983 2559 avena

233 2610 370 2665 carmen,
389 2598 424 2652 ut
443 2600 570 2653 ornatos
589 2588 708 2654 diceret
725 2600 798 2653 ante
817 2588 904 2665 deos,

137 2691 171 2746 55
189 2681 330 2767 agricola
348 2694 379 2747 et
395 2682 493 2747 minio
513 2682 663 2759 suffusus,
683 2682 820 2759 Baeohe,
838 2682 965 2747 rubenti

230 2777 352 2860 primus
370 2775 534 2860 inexperta
552 2776 641 2839 duxit
659 2775 700 2839 ab
718 2785 785 2839 arte
803 2774 924 2838 choros.
1046 2857 1047 2861 Ἰ

141 2924 146 2933 ,
188 2868 264 2933 huie
283 2871 375 2933 datus
394 2893 411 2933 a
430 2870 535 2954 pleno,
553 2868 759 2934 memorabile
777 2891 902 2945 munus,
921 2867 995 2933 ovili

233 2964 298 3028 dux
315 2963 439 3050 peeoris
458 2977 557 3028 cartae
576 2973 709 3029 auxerat
725 2961 831 3028 hirous
850 2985 929 3048 opes.

189 3080 262 3123 rure
280 3080 359 3143 puer
377 3079 474 3124 verno
492 3059 628 3144 primurn
646 3058 686 3124 de
703 3058 780 3125 flore
798 3079 947 3122 eoronam

138 3161 173 3215 60
233 3152 308 3217 fecit
326 3170 358 3217 et
376 3152 513 3236 antiquis
530 3152 680 3238 imposuit
699 3152 828 3216 laribus.

189 3269 263 3310 rure
281 3247 376 3313 etiam
394 3246 510 3313 teneris
529 3269 636 3312 curam
656 3246 835 3312 exhibitura
852 3246 965 3331 puellis

232 3340 327 3406 molle
344 3342 426 3427 gerit
443 3353 532 3427 tergo
550 3341 656 3405 lueida
674 3342 774 3405 vellus
793 3341 871 3406 ovis.

189 3434 263 3500 hine
282 3446 313 3500 et
330 3435 487 3501 femineus
504 3436 595 3502 labor
613 3446 670 3512 θεῖ,
688 3435 763 3500 hine
780 3458 879 3520 pensa
897 3436 1058 3519 colusque,

232 3529 324 3594 fusus
343 3541 375 3595 et
392 3531 537 3616 apposito
556 3530 669 3616 polliae
687 3540 793 3595 versat
811 3552 904 3615 opus:

117 3620 120 3627 ’
138 3634 172 3689 65
190 3636 286 3710 atque
304 3624 411 3708 aliqua
429 3625 562 3690 adsidue
581 3624 697 3690 textrix
715 3633 844 3710 operata
861 3623 1042 3688 Minervam

233 3729 348 3794 cantat,
368 3728 398 3783 et
416 3718 571 3804 applauso
590 3720 653 3783 tela
672 3730 764 3783 sonat
781 3718 887 3783 latere.

189 3816 257 3900 ipse
274 3817 411 3898 interque
427 3835 531 3898 proper
549 3812 693 3895 interque
713 3824 855 3878 armenta
874 3811 1000 3897 Cupido

232 3921 325 3973 natus
344 3919 375 3972 et
393 3907 561 3971 indomitas
580 3907 695 3971 dieitur
710 3907 793 3972 inter
811 3930 918 3991 equas.

189 4003 254 4067 illio
271 4004 398 4067 indocto
417 4001 553 4087 primum
573 4024 606 4066 se
625 4002 765 4066 exercuit
783 4024 871 4067 arou:
943 4072 946 4077 ,

139 4104 173 4157 70
231 4096 365 4174 etmihi,
384 4117 482 4180 quam
500 4094 611 4163 doctas
626 4117 711 4167 nuno
728 4096 825 4162 habet
842 4094 895 4159 ille
913 4092 1040 4159 manusl
