2566 4448
150 234 193 300 46
566 247 715 317 rntqv
727 249 754 318 1)

151 382 183 438 at
201 382 256 437 tua
272 394 337 436 non
353 372 463 436 titulus
480 371 583 457 capiet
601 371 661 436 sub
679 371 806 438 nomino
823 372 918 451 sacta,

151 476 278 532 aeterno
297 465 352 531 sed
370 476 463 530 erunt
480 465 538 529 tibi
555 488 672 551 magna
694 466 856 532 volumina
874 491 978 546 versu,

16 644 17 651 ἵ
100 567 135 623 35
151 561 402 643 conuenientque
418 570 490 625 tuas
508 560 615 644 cupidi
633 581 821 645 componere
838 561 950 628 laudes

151 655 291 738 undique
309 654 427 738 quique
446 663 559 719 canent
577 654 682 719 vineto
699 654 781 739 pede
798 656 916 739 quique
934 657 1047 722 soluto.

150 749 222 832 quis
239 749 352 833 potior,
372 758 531 814 certamen
548 749 621 814 erit:
640 748 699 812 sim
717 748 868 813 victorin
886 750 958 827 illis,

150 853 186 906 ut
202 853 346 907 nostrum
363 843 459 907 tantis
476 842 646 907 inscribam
663 864 780 907 nornen
797 842 830 906 in
848 844 937 908 actis.

192 959 268 1000 narn
284 936 355 1020 quis
374 948 405 1001 te
422 936 543 1000 maiora
560 937 641 1021 gerit
659 938 811 1001 castrisve
828 937 957 1002 forove?

97 1046 133 1102 40
150 1052 209 1094 nec
227 1041 334 1094 tamen
352 1029 403 1094 hic
421 1041 476 1094 aut
493 1029 544 1093 hio
561 1029 619 1093 tibi
636 1030 705 1094 laus
724 1030 865 1095 maiorve
882 1031 1035 1109 minorve,

149 1125 234 1189 iusta
250 1124 320 1210 pari
337 1124 489 1209 premitur
506 1123 604 1188 veluti
622 1146 695 1188 cum
712 1125 851 1210 pondere
867 1125 959 1201 libra,

149 1241 249 1304 prona
267 1238 325 1282 nec
343 1218 403 1282 hac
420 1218 491 1303 plus
509 1228 600 1303 parte
618 1218 707 1282 sedet
724 1240 784 1284 nec
802 1220 903 1306 surgit
920 1220 961 1284 ab
978 1219 1043 1295 illa,

150 1313 262 1396 qualis,
280 1313 485 1394 inaequatum
503 1313 676 1395 siquando
694 1336 774 1377 onus
792 1325 885 1399 urget
902 1315 1072 1396 utrimque,

149 1406 303 1472 instabilis
320 1416 410 1470 natat
426 1406 548 1471 alterno
566 1406 744 1491 depressior
761 1408 864 1477 orbe,

96 1517 132 1572 45
191 1524 266 1565 nam
284 1523 341 1565 seu
358 1500 475 1565 diversi
492 1499 607 1565 fremat
624 1500 834 1565 inconstantia
851 1502 949 1588 vulgi,

148 1617 213 1659 uon
231 1594 311 1658 alius
331 1593 441 1659 sedare
459 1605 569 1676 queat:
589 1616 645 1659 seu
662 1594 775 1659 iudicis
793 1595 841 1659 ira

149 1689 189 1753 sit
206 1688 371 1774 placanda,
390 1687 453 1752 tuis
472 1687 588 1772 poterit
604 1689 769 1754 mitescere
787 1689 902 1753 verbis.

148 1805 212 1846 non
228 1783 326 1867 Pylos
345 1793 400 1845 aut
416 1781 528 1847 Ithace
547 1791 651 1846 tantos
669 1782 817 1866 genuisse
835 1782 980 1847 feruntur

147 1877 283 1941 Nestora
301 1876 352 1941 vel
370 1898 487 1960 parvae
504 1897 658 1960 magnum
676 1875 773 1940 decus
791 1875 880 1940 urbis
898 1875 1028 1951 Ulixen,

96 1988 132 2043 50
149 1972 262 2036 vixerit
279 1970 332 2034 ille
351 1992 448 2034 senex
465 1969 621 2052 quamvis,
639 1968 716 2032 dum
733 1980 824 2033 terna
841 1991 898 2054 per
915 1970 1024 2034 orbem

149 2067 276 2130 saecula
294 2064 450 2129 fertilibus
469 2064 565 2128 Titan
583 2064 762 2128 decurreret
780 2062 876 2141 horis,

147 2161 201 2226 ille
218 2183 276 2246 per
292 2160 417 2245 ignotas
436 2158 542 2223 audax
559 2158 711 2224 erraverit
727 2158 835 2236 urbes,

147 2275 211 2338 qua
228 2254 323 2318 maris
342 2253 490 2318 extremis
508 2252 601 2317 tellus
619 2251 790 2317 includitur
807 2252 911 2317 undis.

147 2373 222 2413 nam
240 2346 461 2430 Ciconumque
478 2369 592 2411 manus
610 2347 749 2411 adversis
767 2347 904 2432 reppulit
922 2347 1028 2428 armis,

96 2459 131 2512 55
150 2463 209 2507 nec
230 2442 330 2507 valuit
347 2441 428 2505 lotos
446 2452 575 2529 coeptos
593 2454 735 2506 avertero
754 2463 875 2520 cursus,

149 2536 242 2601 cessit
260 2547 291 2600 et
308 2537 473 2600 Aetnaeae
491 2534 672 2620 Neptunius
689 2535 793 2599 incola
810 2535 897 2620 rupis

148 2631 232 2695 victa
249 2630 404 2694 Maroneo
422 2628 569 2693 foedatus
586 2628 707 2692 lumina
724 2628 868 2694 Baccho:

148 2725 234 2788 vexit
251 2734 283 2787 et
300 2723 429 2788 Aeolios
447 2721 608 2807 placidum
625 2744 682 2808 per
698 2722 804 2787 Nerea
821 2732 946 2787 ventos:

147 2818 281 2881 incultos
300 2816 378 2880 adiit
394 2816 633 2902 Laestrygonas
650 2816 923 2902 Antiphatenque,

97 2921 131 2974 60
147 2911 262 2976 nobilis
280 2909 411 2974 Artacie
428 2909 534 2995 gelida
551 2931 631 2993 quos
648 2910 759 2996 irrigat
776 2911 876 2976 unda:

149 3006 251 3072 solum
268 3025 327 3068 nec
346 3003 457 3068 doctae
474 3014 637 3068 verterunt
653 3005 768 3089 pocula
786 3001 905 3080 Circes,

148 3098 291 3183 quamvis
309 3098 364 3162 illa
380 3097 462 3161 foret
480 3095 564 3161 Solis
582 3120 695 3183 genus,
713 3108 787 3183 apta
804 3099 854 3164 vel
872 3099 978 3164 herbis

124 3234 126 3238 »
148 3205 285 3278 aptaque
302 3192 355 3257 vel
373 3202 468 3256 cantu
485 3201 608 3256 veteres
626 3202 749 3256 mutare
766 3192 900 3277 figuras:

150 3287 344 3352 Cimmerion
362 3285 458 3351 etiam
476 3285 628 3350 obscuras
647 3286 780 3351 accessit
797 3286 839 3350 ad
857 3287 947 3363 arcis,

97 3400 130 3452 65
149 3381 219 3465 quis
238 3401 413 3463 numquam
431 3379 586 3445 candente
604 3379 671 3444 dies
689 3380 834 3465 apparuit
853 3393 934 3457 ortu,

148 3498 205 3539 seu
222 3496 318 3558 supra
336 3485 434 3538 terras
452 3473 604 3539 Phoebus
622 3496 680 3538 seu
697 3485 836 3539 curreret
853 3474 949 3540 infra:

148 3570 236 3645 vidit,
255 3579 291 3631 ut
307 3567 431 3632 inferno
450 3567 596 3632 Plutonis
615 3568 741 3633 subdita
758 3591 857 3654 regno

148 3685 265 3748 magna
283 3662 379 3726 deum
395 3656 500 3746 proles
517 3663 641 3727 levibus
660 3662 849 3728 discurreret
866 3664 997 3739 umbris,

148 3756 370 3842 praeteriitque
388 3756 450 3821 cita
468 3754 616 3820 Sirenum
633 3756 726 3822 litora
742 3758 852 3843 puppi.

97 3865 132 3921 το
147 3852 236 3915 illurn
254 3851 335 3915 inter
353 3849 497 3936 geminae
515 3860 644 3915 nantem
662 3851 799 3916 confinia
816 3851 925 3917 mortis

148 3967 208 4009 nec
227 3944 353 4030 Scyllae
371 3965 467 4009 saevo
485 3945 656 4009 conterruit
672 3945 809 4031 impetus
827 3967 890 4022 ore,

140 4060 216 4099 cnm
234 4037 371 4103 canibus
386 4037 517 4106 rabidas
534 4038 616 4107 inter
632 4039 701 4106 fera
718 4049 858 4126 serperet
875 4039 988 4118 undas,
