2566 4448
558 233 661 313 uua

99 378 159 423 neo
177 339 326 444 pecudes,
344 358 432 441 velut
439 353 532 433 ante,
550 358 644 443 petit:
661 358 767 424 fixisse
786 356 907 444 puellas
986 405 989 409 .
1015 364 1035 393 *

62 443 70 486 ⁷
143 453 238 539 gestit
255 464 286 518 et
303 443 441 524 audaces
458 451 674 540 perdomuisse
693 453 786 518 viros.

98 545 151 611 hic
168 546 276 636 iuveni
294 542 430 633 detraiit
447 551 533 633 opes,
552 542 604 612 bic
622 547 727 623 dicere
745 546 836 612 iussit

48 689 49 693 ,
115 649 126 721 ᾗ
141 641 239 719 limen
256 641 300 712 ad
315 638 413 723 iratae
430 642 536 728 verba·
546 642 703 727 pudendas
715 648 837 708 senem:

46 730 57 828 Ἰ
79 733 160 801 ‘hoc
178 734 259 800 duce
277 735 422 818 custodes
439 734 550 801 furtim
567 746 764 824 transgressa
780 738 919 818 iacentes
993 770 1010 824 χ,
1052 817 1055 823 ⁷
1090 804 1094 812 ,
1129 805 1133 813 ,

143 828 184 894 ad
200 818 348 895 iuvenem
365 829 503 895 tenebris
521 830 589 895 sola
605 830 717 916 puella·
729 831 816 897 venit
953 895 955 898 ,

100 923 283 1008 etpedibus
301 916 512 1010 praetemptat
528 924 588 988 iter
605 947 759 1011 suspensa
776 926 906 1007 timore,
932 973 935 977 ›

143 1016 285 1102 explorat
302 1041 413 1083 caecas
431 1018 482 1083 cui
499 1027 612 1084 manus
631 1030 704 1085 ante
722 1019 800 1084 vias.

100 1133 120 1174 a
136 1110 252 1189 miseri,
265 1134 354 1205 ¹quos
372 1113 424 1177 hic
440 1112 580 1198 graviter
597 1113 676 1178 deus
694 1113 800 1200 urget!
820 1124 851 1177 at
868 1112 920 1177 ille
977 1144 979 1148 ⁴
1029 1197 1032 1201 ‚

85 1252 87 1257 «
116 1211 119 1215 ’
141 1206 228 1286 felix,
247 1207 298 1271 cui
316 1207 459 1292 placidus
476 1207 588 1272 leniter
605 1208 702 1272 adflat
719 1208 830 1272 Amor.
1007 1210 1010 1216 ’

77 1325 80 1330 ·
100 1301 309 1393 sanctepveni
327 1300 461 1385 dapibus
479 1301 578 1377 festis,
597 1302 653 1365 sed
671 1324 753 1386 pone
772 1301 903 1388 sagittas

142 1406 173 1459 et
190 1395 302 1480 procul
320 1395 466 1459 ardentes
483 1394 557 1460 hinc
575 1416 687 1480 precor
704 1396 786 1461 abde
799 1395 901 1460 faces.

99 1510 156 1556 vos
175 1489 332 1554 celebrem
350 1499 475 1553 cantate
493 1489 588 1553 deum
606 1490 775 1574 pecorique
794 1499 915 1565 vocate,

142 1581 220 1646 voce
242 1583 348 1667 palam
365 1584 481 1668 pecori,
500 1583 583 1647 clam
601 1582 661 1646 sibi
679 1584 814 1665 quisque
832 1592 932 1647 vocet.

100 1686 155 1739 aut
173 1677 268 1740 etiam
285 1676 345 1741 sibi
364 1677 498 1760 quisque
515 1678 637 1761 palam:
655 1700 736 1741 uam¹
747 1677 840 1740 turba
858 1677 963 1740 iocosa

117 1773 118 1776 ’
142 1769 293 1856 obstrepit
312 1765 344 1835 et
360 1770 504 1856 Phrygio
523 1770 601 1848 tibia
619 1793 716 1836 curva
734 1793 821 1836 sono.

45 1940 48 1947 Ι
97 1862 210 1929 ludite:
228 1866 291 1929 iam
309 1887 374 1953 nor
391 1864 494 1950 iungit
512 1887 620 1948 equos,
640 1887 831 1949 currumque
849 1876 1026 1948 sequuntur

140 1959 249 2023 matris
266 1960 385 2024 lascivo
403 1959 506 2024 sidera
523 1959 613 2024 fulva
631 1960 737 2036 choro,

98 2064 232 2137 postque
250 2055 336 2118 venit
353 2053 468 2118 tacitus
479 2053 583 2139 forcia
602 2052 814 2118 circumdatus
832 2054 905 2118 alis*

142 2168 271 2221 somnus
282 2157 320 2217 ¹et
337 2147 458 2212 incerto
476 2148 598 2212 somnia
615 2148 707 2232 nigra
724 2148 814 2233 pede.

523 2343 694 2356 —n-

585 2495 631 2559 11.

97 2613 251 2678 Dicamus
270 2612 355 2676 bona
372 2613 486 2678 verba:
505 2613 592 2678 venit
608 2613 721 2677 natalis
740 2615 781 2678 ad
799 2636 883 2678 aras:

140 2707 283 2791 quisquis
302 2707 387 2782 ades,
406 2707 526 2792 lingua,
545 2707 593 2771 vir
610 2708 796 2791 mulierque,
814 2707 897 2772 fave.

98 2813 229 2865 urantur
245 2801 298 2887 pia
316 2812 388 2865 tura
405 2800 494 2877 focis,
513 2811 645 2865 urantur
663 2803 785 2878 odores,

141 2916 220 2977 quos
237 2904 326 2960 tener
348 2919 366 2961 e
384 2905 467 2961 terra
485 2896 582 2961 divite
600 2896 695 2960 mittit
712 2897 830 2961 Arabs.

97 2989 165 3074 ipse
183 3010 256 3052 suos
274 2990 387 3075 genius
405 2990 487 3055 adsit
505 2991 631 3055 visurus
648 2991 793 3068 honores,

141 3082 193 3147 cui
210 3082 357 3149 decorent
376 3095 502 3149 sanctas
519 3078 626 3149 mollia
645 3097 728 3149 serta
746 3108 861 3150 comas.

96 3177 180 3243 illius
199 3199 278 3262 puro
296 3178 454 3244 destillent
472 3190 615 3265 tempora
633 3180 742 3255 nardo,
801 3201 803 3205 ⁴

140 3282 235 3356 atque
253 3281 340 3335 satur
356 3272 420 3337 libo
439 3274 479 3337 sit
496 3275 685 3357 madeatque
704 3296 802 3349 mero,

97 3367 216 3431 adnuat
234 3375 275 3441 et,
294 3361 444 3443 Comute,
464 3367 530 3444 tibi,
549 3367 770 3449 quodcumque
788 3366 925 3452 rogabis.

139 3483 179 3525 en
197 3481 267 3544 age,
286 3459 363 3542 quid
380 3463 503 3525 cessas?
520 3460 631 3524 adnuit
647 3460 716 3524 ille:
735 3482 823 3545 roga.
846 3472 848 3475 ’

98 3576 247 3640 auguror,
265 3553 373 3616 uxoris
394 3554 474 3618 fidos
493 3553 617 3638 optabis
636 3575 773 3618 amores:

42 3733 43 3736 Ἴ
139 3650 202 3713 iam
220 3670 292 3712 reor
309 3647 370 3710 hoc
387 3648 473 3732 ipsos
491 3646 657 3712 edidicisse
675 3648 760 3712 deos.
832 3637 842 3654 ⁶

99 3764 158 3808 nec
176 3743 234 3806 tibi
251 3741 411 3817 malueris,
429 3753 531 3805 totum
549 3763 768 3825 quaecumque
786 3764 843 3828 per
860 3743 969 3807 orbem

139 3836 228 3900 fortis
246 3848 312 3901 arat
331 3836 436 3900 valido
453 3835 684 3901 rusticus-arva
702 3836 793 3914 bove,

98 3951 159 3995 nec
176 3929 244 4007 tibi,
262 3953 459 4016 gemmarum
477 3931 631 4015 quidquid
649 3931 794 3996 felicibus
812 3931 900 3996 Indis

140 4025 289 4103 nascitur,
308 4027 357 4091 eoi
374 4047 438 4112 qua
455 4026 551 4093 maris
568 4025 659 4092 unda
673 4025 787 4092 rubet.
