2566 4448
560 192 641 248 1114

90 317 202 395 ‘salva
221 341 298 383 cura
315 315 425 382 deum:
444 325 530 383 casto
547 339 622 381 nam
638 317 698 380 rite
715 325 827 401 poetae

131 413 345 496 Phoebusque
363 410 394 477 et
411 411 558 476 Bacchus
575 409 782 494 Pieridesque
800 411 924 477 faventr

89 506 146 571 sed
163 508 268 592 proles
287 505 430 572 Semeles
447 504 595 570 Bacchus
614 505 787 588 doctaeque
806 527 928 570 sorores

133 602 237 666 dicere
254 623 319 665 non
337 609 461 678 norunt,
480 600 558 684 quid
575 598 657 665 ferat
674 600 751 665 hora
769 622 918 685 sequens:

90 705 123 758 at
140 695 218 758 mihi
235 695 372 760 fatorum
389 695 477 780 leges
495 694 629 778 aevique
647 694 746 759 futuri

133 800 286 854 eventura
303 799 393 875 pater
409 811 504 874 posse
521 788 629 854 videre
647 789 742 853 dedit.

89 904 187 967 quare
210 902 269 969 ego
289 905 371 967 quae
390 883 460 948 dico
477 905 542 947 non
559 882 657 947 fallax
674 883 783 968 accipe
800 892 900 961 vates,

133 979 282 1062 quodque
300 978 378 1043 deus
396 999 471 1043 vero
490 975 649 1062 Cynthius
667 999 721 1042 ore
738 977 848 1042 feram.

89 1082 212 1136 tantum
229 1068 302 1137 cara
320 1072 388 1149 tibi,
406 1083 561 1155 quantum
577 1094 638 1136 neo
654 1072 720 1137 filia
737 1072 841 1149 matri,

131 1177 285 1250 quantum
302 1189 361 1231 uec
379 1167 495 1251 cupido
512 1165 597 1231 bella
615 1167 722 1250 puella
738 1167 817 1244 viro,

88 1283 146 1346 pro
164 1282 228 1344 qua
246 1261 395 1326 sollicitas
414 1260 563 1325 caelestia
580 1259 712 1324 numina
729 1259 821 1338 votis,

131 1376 213 1439 quae
231 1355 289 1419 tibi
307 1376 434 1420 securos
451 1376 516 1418 non
534 1353 607 1418 sinit
624 1354 670 1419 ire
689 1354 755 1419 dies

88 1459 131 1526 et,
149 1472 223 1513 cum
240 1460 277 1513 te.
289 1448 379 1513 fusco
398 1470 527 1512 somnus
545 1448 664 1512 velavit
681 1448 809 1526 amictu,

131 1564 251 1606 vanum
266 1542 428 1607 nocturnis
446 1541 527 1606 fallit
543 1541 746 1627 imaginibus,

10 1672 13 1676 ’
90 1636 281 1701 carminibus
300 1636 458 1701 celebrata
475 1635 538 1699 tuis
556 1635 695 1700 formosa
712 1635 837 1700 Neaera

132 1730 259 1794 alterius
277 1731 399 1794 mavult
418 1752 487 1794 esse
504 1730 612 1815 puella
629 1729 699 1806 viri,

89 1824 292 1907 diversasque
310 1847 384 1888 suas
403 1824 503 1909 agitat
519 1846 609 1888 meus
627 1824 725 1908 impia
742 1846 845 1901 curas,

130 1942 189 1984 neo
207 1919 326 2004 gaudet
344 1928 431 1983 casta
448 1928 548 2003 nupta
565 1913 691 1983 Neaera
709 1918 812 1983 domo.

89 2037 108 2077 a
125 2012 252 2078 crudele
270 2035 371 2098 genus
389 2035 448 2078 nec
465 2013 565 2077 fidum
583 2012 701 2078 femina
718 2012 849 2078 nomenl
950 2077 952 2080 Α

132 2131 151 2171 a
168 2119 286 2191 pereat,
305 2107 415 2171 didicit
432 2107 542 2172 fallere
560 2107 587 2171 si
604 2128 668 2190 qua
684 2107 797 2172 virum.

90 2201 146 2265 sed
163 2199 248 2264 flecti
264 2200 391 2284 poterit:
410 2223 499 2264 mens
517 2210 564 2265 est
583 2201 744 2265 mutabilis
761 2201 838 2265 illis:

131 2305 167 2358 tu
184 2293 278 2357 modo
296 2315 369 2358 cum
387 2294 487 2358 multa
503 2293 652 2358 bracchia
670 2294 764 2359 tende
781 2295 855 2361 fide.

88 2411 203 2454 saevus
221 2380 324 2451 Amor
341 2387 448 2451 docuit
465 2387 586 2451 validos
605 2397 759 2472 temptare
776 2389 911 2464 labores,

131 2505 245 2547 saevus
263 2484 365 2545 Amor
382 2480 489 2545 docuit
506 2480 640 2546 verbera
656 2503 750 2567 posse
768 2482 843 2567 pati.

88 2601 139 2642 me
157 2577 319 2660 quondam
335 2574 467 2640 Admeti
484 2575 593 2640 niveas
610 2576 736 2660 pavisse
753 2576 903 2641 iuvencas

129 2693 194 2735 nou
213 2670 309 2736 estin
327 2692 446 2734 vanum
463 2669 572 2735 fabula
589 2670 664 2735 ficta
681 2671 800 2735 iocum:

89 2775 164 2828 tunc
182 2787 242 2850 ego
259 2786 319 2829 neo
337 2764 457 2828 cithara
473 2774 616 2848 poteram
634 2765 774 2850 gaudere
792 2784 906 2830 sonora

131 2880 190 2922 nec
207 2858 325 2923 similes
343 2857 468 2923 chordis
485 2857 618 2923 reddere
635 2879 714 2923 voce
732 2880 837 2936 sonos,

90 2952 145 3016 sed
162 2951 336 3036 perlucenti
354 2962 482 3017 cantum
499 2951 676 3016 meditabar
693 2975 795 3018 avena

131 3045 184 3109 illc
202 3067 262 3130 ego
281 3046 427 3111 Latonae
444 3045 528 3110 filius
547 3058 642 3129 atque
661 3046 758 3111 Iovis.

88 3139 190 3204 nescis
209 3140 286 3222 quid
303 3141 344 3204 sit
362 3160 460 3216 amor,
477 3139 611 3217 iuvenis,
629 3141 656 3204 si
675 3141 757 3206 ferre
775 3163 902 3206 recusas

130 3233 283 3298 immitem
302 3234 462 3298 dominam
480 3235 726 3320 coniugiumque
744 3235 857 3299 ferum.

87 3349 223 3414 ergone
241 3327 350 3391 dubita
368 3327 501 3392 blandas
519 3329 669 3394 adhibere
688 3330 846 3411 querelas:

130 3422 299 3486 vincuntur
315 3421 402 3485 molli
418 3433 548 3507 pectora
565 3422 645 3487 dura
662 3445 766 3506 prece.

88 3516 174 3600 quod
192 3516 218 3581 si
236 3538 311 3580 vera
329 3527 446 3580 canunt
464 3516 560 3580 sacris
579 3516 706 3580 oracula
724 3516 859 3601 templis,

111 3609 209 3675 'haec
226 3610 271 3674 illi
288 3621 395 3674 nostro
413 3610 540 3674 nomine
558 3608 642 3673 diota
660 3609 756 3674 refer:

87 3701 148 3767 hoc
165 3703 223 3768 tibi
240 3703 424 3789 coniugium
441 3702 594 3788 promittit
610 3702 724 3768 Delius
741 3703 825 3789 ipse:

130 3795 208 3860 felix
224 3796 285 3862 hoo
302 3798 399 3863 alium
418 3797 526 3862 desine
544 3797 624 3862 velle
643 3798 766 3862 virum!

89 3887 180 3966 dixit,
197 3899 229 3955 et
245 3890 380 3977 ignavus
399 3891 532 3956 defluxit
549 3913 679 3976 corpore
697 3915 836 3958 somnus.

132 4007 152 4048 a
169 4006 229 4070 ego
247 4007 287 4051 ne
304 3985 423 4071 possim
441 3997 530 4051 tanta
547 3985 654 4052 videre
671 3987 769 4052 mala.
