2566 4448
165 136 249 227 '20
667 176 760 233 rsa

206 299 282 383 quid
300 307 432 385 prosunt
450 307 542 376 artes,
561 299 711 365 miserum
730 301 756 364 si
775 301 894 385 spernit
911 313 1068 369 amentem

248 405 280 458 et
296 394 379 479 fugit
397 415 436 456 ex
453 393 522 477 ipso
540 416 636 459 saeva
653 395 760 479 puella
777 396 865 458 toro?

206 487 257 552 vel
275 509 348 551 cum
365 487 527 572 promittit,
547 488 649 552 subito
669 488 725 552 sed
742 489 862 572 perfida
879 489 968 565 fallit,

248 593 295 645 est
312 581 390 644 mihi
407 604 471 646 nox
488 582 595 646 multis
614 582 794 667 evigilanda
812 583 912 647 malis.

153 682 187 735 65
205 676 281 740 dum
299 675 377 740 mihi
394 687 560 742 venturam
578 677 675 762 finge,
693 676 917 760 quodcumque
935 690 1088 755 movetur,

246 770 332 835 illius
350 771 444 835 oredo
462 783 538 835 tuno
557 771 700 835 sonuisse
717 770 835 856 pedes?

204 864 337 930 desistas
355 865 529 942 lacrimare,
547 888 639 950 puer:
657 888 722 930 non
739 865 897 950 frangitur
915 866 979 944 illa,

247 973 279 1026 et
296 972 352 1024 tua
372 961 436 1025 iam
454 961 531 1025 fletu
548 960 668 1025 lumina
685 962 769 1025 fessa
787 972 918 1026 tument.

204 1055 349 1132 oderunt,
367 1054 499 1131 Pholoe,
517 1075 642 1132 moneo,
660 1054 788 1119 fastidia
806 1054 881 1132 divi,

153 1160 186 1214 70
245 1171 305 1214 nee
322 1148 451 1234 prodest
469 1149 585 1213 sanctis
603 1159 675 1212 tura
692 1148 816 1213 dedisse
833 1148 924 1213 focis.

203 1243 254 1308 hio
271 1243 439 1306 Marathus
457 1243 617 1325 quondam
635 1242 765 1307 miseros
782 1242 914 1308 ludebat
931 1254 1083 1321 amantes,

245 1336 370 1401 nescius
388 1336 522 1400 ultorem
540 1348 611 1422 post
629 1346 724 1422 eaput
742 1359 811 1402 esse
829 1336 939 1400 deum:

204 1453 297 1514 saepe
316 1430 412 1494 etiarn
430 1430 575 1494 lacrimas
594 1430 695 1494 fertur
711 1431 818 1494 risisse
835 1430 970 1496 dolentis

246 1535 277 1588 et
297 1524 448 1609 cupidum
465 1524 540 1589 fieta
557 1524 730 1589 detinuisse
747 1546 850 1605 mora:

152 1630 185 1683 75
203 1641 288 1682 nune
307 1641 416 1683 omnes
435 1619 502 1682 odit
519 1619 630 1695 fastus,
648 1641 733 1683 nuno
751 1618 896 1704 displicet
913 1618 958 1682 illi

246 1735 464 1796 quaecumque
482 1713 628 1798 opposita
645 1723 692 1777 est
709 1713 804 1776 ianua
823 1713 902 1776 dura
919 1735 999 1777 sera.

203 1816 235 1869 at
252 1817 283 1870 te
301 1828 404 1891 poena
421 1816 538 1883 manet,
557 1806 591 1869 ni
609 1806 724 1870 desinis
744 1829 812 1871 esse
831 1805 978 1888 superba.

246 1922 341 1983 quam
360 1901 467 1985 cupies
486 1901 567 1964 votis
585 1899 670 1964 hune
687 1921 835 1964 revocare
854 1897 952 1962 dieml

682 2333 746 2397 IX.

204 2461 292 2542 Quid
310 2460 397 2538 mihi,
415 2461 442 2525 si
459 2461 565 2526 fueras
583 2461 713 2526 miseros
732 2463 875 2527 laesurus
894 2486 1027 2541 amores,

246 2556 449 2641 foedera-per
465 2555 566 2632 divos,
586 2556 667 2619 elam
685 2555 844 2633 violanda,
863 2557 980 2621 dabas?

204 2675 223 2715 a
240 2650 346 2727 miser,
365 2661 397 2714 et
415 2650 441 2714 si
459 2649 530 2733 quis
548 2650 649 2734 primo
667 2649 805 2734 periuria
823 2651 913 2726 celat,

247 2767 317 2808 sera
335 2755 441 2808 tamen
459 2744 561 2808 tacitis
580 2765 683 2829 poena
700 2743 786 2807 venit
803 2744 948 2828 pedibus.

169 2856 186 2909 5
203 2839 332 2924 parcite,
352 2839 516 2903 caelestes:
535 2859 672 2921 aequum
690 2847 737 2902 est
754 2838 883 2923 impune
900 2838 996 2904 liuere

247 2933 377 2997 numina
394 2932 540 2997 formosis
558 2933 683 2998 laedere
700 2949 806 2997 vestra
824 2934 930 2998 semel.

203 3029 293 3093 luera
310 3039 420 3112 petens
438 3027 535 3091 habili
554 3039 660 3092 tauros
679 3027 823 3112 adiungit
841 3041 945 3093 aratro

246 3134 278 3189 et
296 3123 410 3187 durum
428 3132 530 3187 terrae
548 3123 683 3187 rusticus
700 3132 793 3206 urget
811 3145 901 3206 opus,

204 3219 294 3282 luera
311 3217 463 3303 petituras
480 3217 562 3281 freta
579 3239 636 3302 per
653 3216 796 3302 parentia
813 3218 915 3282 ventis

153 3318 187 3372 10
248 3312 368 3376 ducunt
385 3312 547 3376 instabiles
566 3311 669 3377 sidera
688 3321 774 3375 certa
791 3322 888 3376 rates:

203 3406 389 3471 muneribus
408 3429 497 3472 meus
516 3418 563 3472 est
581 3417 692 3491 eaptus
710 3428 799 3491 puer.
836 3417 868 3470 at
886 3406 964 3471 deus
982 3408 1036 3473 illa

246 3500 279 3564 in
299 3500 436 3565 cinerem
454 3512 484 3565 et
502 3501 638 3585 liquidas
656 3523 788 3565 munera
806 3511 908 3566 vertat
925 3524 1034 3585 aquas.

203 3595 266 3658 iam
285 3595 362 3658 mihi
380 3595 538 3679 persolvet
555 3618 683 3680 poenas,
702 3595 870 3680 pulvisque
887 3596 1032 3661 decorem

247 3687 391 3754 detrahet
410 3698 441 3752 et
458 3689 559 3753 ventis
577 3690 704 3753 horrida
722 3690 807 3754 faeta
825 3712 925 3768 corna,

153 3790 187 3843 15
204 3793 312 3848 uretur
329 3781 438 3860 facies,
456 3794 587 3847 urentur
605 3783 670 3848 sole
689 3784 804 3869 capilli,

249 3878 369 3942 deteret
386 3876 541 3942 invalidos
560 3888 591 3941 et
608 3876 660 3940 via
678 3877 775 3963 longa
791 3877 899 3962 pedes.

201 3972 354 4103 {edmonui
372 3971 516 4055 quotiens
544 3977 635 4037 ‘auro
654 3993 695 4037 ne
712 3972 820 4057 pollue
837 3971 985 4035 formam:
