2566 4448
557 207 679 269 HIM

109 327 235 416 Elysios
253 332 328 397 olim
345 332 439 398 liceat
456 353 647 418 cognoscere
665 353 793 418 campos

152 424 393 511 Lethaeamque
411 438 512 492 ratem
529 426 781 510 Cimmeriosque
797 425 896 502 lacus,

109 539 183 584 cum
200 544 273 586 mea
290 543 408 608 rugosa
424 521 588 607 pallebunt
605 544 661 586 ora
678 531 805 586 senecta

153 624 183 678 et
200 615 337 680 referam
353 616 459 701 pueris
476 626 619 702 tempora
635 615 740 700 prisca
757 637 863 679 senex.

110 718 205 790 atque
222 709 345 774 utinam
360 732 443 775 vano
460 710 654 795 nequiquam
672 721 790 775 terrear
807 705 910 773 aestui

152 801 305 888 languent
322 815 369 870 ter
386 805 498 889 quinos
517 805 574 869 sed
590 827 662 870 mea
679 804 822 869 membra
839 803 917 866 dies.

111 904 143 959 at
160 897 250 962 vobis
268 899 392 964 Tuscae
410 898 758 964 celebranturnumina
773 897 923 982 lymphae

153 1002 185 1054 et
202 992 303 1057 facilis
319 993 405 1059 lenta
422 993 550 1078 pellitur
567 993 653 1057 unda
670 1015 777 1057 manu.

110 1082 206 1149 vivite
224 1085 343 1164 felices,
361 1108 518 1152 memores
535 1097 567 1151 et
584 1087 681 1152 vivite
698 1086 807 1164 nostri,

153 1179 219 1244 sive
236 1181 352 1244 erimus
371 1203 428 1245 seu
445 1201 504 1244 nos
520 1179 587 1244 fata
604 1179 703 1244 fuisse
722 1179 829 1244 velint

109 1269 229 1337 interea
245 1273 352 1359 nigras
370 1274 509 1360 pecudes
527 1273 699 1360 promittite
716 1272 787 1337 Diti

152 1378 184 1433 et
200 1367 285 1433 nivei
302 1367 393 1433 lactis
410 1368 528 1456 pocula
543 1368 643 1432 mixta
660 1389 758 1433 mero.

539 1557 706 1571 μ

591 1717 652 1785 VI.

110 1833 256 1902 Candide
273 1836 384 1913 Liber,
402 1837 493 1903 ades:
511 1836 557 1902 sie
576 1836 617 1902 sit
634 1836 693 1901 tibi
710 1833 846 1921 mystica
861 1833 935 1901 vitis

151 1953 285 2016 semper,
304 1932 350 1997 sic
367 1930 484 1997 hedera
501 1942 645 2017 tempora
662 1930 769 1995 vincta
786 1930 885 1994 feras:

109 2025 200 2090 aufer
217 2036 248 2090 et
266 2026 334 2111 ipse
350 2048 457 2092 meum
470 2039 581 2114 patera
598 2026 772 2092 medicante
790 2026 944 2091 dolorem:

152 2141 246 2204 saepe
264 2130 319 2184 tuo
337 2119 451 2185 cecidit
468 2143 600 2185 munere
617 2120 720 2186 victus
738 2141 835 2185 amor.

110 2234 182 2277 care
199 2235 289 2298 puer,
306 2214 455 2278 madeant
472 2236 626 2300 generoso
644 2215 758 2299 pocula
774 2213 914 2292 Baccho,

152 2317 183 2373 et
199 2306 292 2372 nobis
309 2328 410 2393 prona
426 2308 524 2372 funde
541 2307 680 2372 Falerna
697 2330 804 2372 manu.

108 2401 152 2466 ite
168 2401 280 2486 procul
298 2402 412 2466 durum
430 2424 524 2467 curae
542 2423 655 2488 genus,
672 2401 716 2466 ite
733 2401 871 2467 laboresa

151 2494 274 2561 fulserit
291 2494 343 2560 hic
359 2496 460 2561 niveis
477 2495 593 2560 Delius
611 2495 747 2560 alitibus.

108 2613 165 2655 vos
182 2589 276 2655 modo
293 2589 455 2676 proposito
473 2591 581 2656 dulces
598 2590 732 2655 faveatis
750 2589 863 2665 amici,

150 2707 231 2750 neve
248 2695 344 2771 neget
361 2685 530 2769 quisquam
546 2708 599 2750 me
617 2684 699 2750 duce
717 2708 750 2750 se
768 2683 930 2750 comitemr

110 2789 163 2842 aut
181 2780 208 2843 si
225 2779 296 2862 quis
314 2779 380 2844 vini
397 2790 557 2845 certamen
574 2779 650 2844 mite
667 2787 803 2855 recusat,

151 2871 240 2936 fallat
257 2896 330 2938 eum
347 2883 431 2939 teoto
449 2895 523 2939 cara
539 2874 646 2958 puella
663 2872 746 2938 dolo.

109 2965 162 3030 ille
179 2964 255 3030 facit
272 2966 352 3031 dites
370 2967 492 3033 animos
510 2967 599 3044 deus,
616 2968 668 3032 ille
686 2967 824 3032 ferocem

153 3060 294 3124 contudit
312 3071 344 3125 et
361 3061 507 3127 dominae
523 3061 610 3126 misit
627 3062 660 3126 in
678 3061 852 3139 arbitrium,

108 3154 279 3220 Armenias
296 3154 393 3240 tigres
412 3168 443 3220 et
460 3156 564 3220 fulvas
581 3155 633 3220 ille
651 3156 778 3221 leaenas

151 3247 227 3313 vicit
245 3258 276 3312 et
292 3248 453 3315 indomitis
470 3251 577 3315 mollia
595 3250 690 3316 corda
708 3249 803 3315 dedit.

108 3344 188 3409 haec
205 3344 308 3407 Amor
324 3354 356 3409 et
372 3345 493 3410 maiora
509 3346 601 3410 valet.
637 3344 694 3410 sed
711 3343 831 3428 poscite
848 3344 968 3408 Bacchi

150 3460 295 3502 munera:
314 3458 409 3520 quem
426 3450 567 3505 vestrum
582 3437 698 3523 pocula
715 3437 799 3502 sicea
814 3437 942 3503 iuvant?

18 3527 22 3539 '
108 3531 256 3597 convenit
273 3553 314 3596 ex
332 3554 433 3616 aequo
451 3555 511 3599 nec
528 3543 639 3597 torvus
655 3531 756 3595 Liber
773 3531 806 3594 in
823 3532 894 3609 illis,

151 3625 206 3710 qui
224 3648 258 3691 se
276 3627 394 3709 quique
411 3650 476 3692 una
493 3626 568 3691 vina
585 3625 692 3690 iocosa
709 3625 830 3691 colunt:

109 3719 256 3786 convenit
271 3719 370 3785 iratus
388 3721 521 3784 nimium
537 3720 733 3804 nimiumque
751 3743 891 3786 severos:

151 3813 206 3895 qui
223 3814 311 3879 timet
328 3816 399 3881 irati
416 3815 548 3881 numina
564 3837 691 3900 magna,
708 3815 807 3880 bibat.

110 3905 220 3990 quoles
237 3905 285 3972 his
303 3929 422 3994 poenas
440 3908 542 3994 qualis
560 3919 759 3992 quantusque
777 3909 923 3988 minetur,

154 3996 314 4069 Cadmeae
332 4006 441 4071 matris
458 4003 577 4091 praeda
595 4016 729 4071 cruenta
744 4005 853 4070 docet.
