2566 4448
154 200 241 264 42,
392 245 393 249 a
604 213 727 273 maa

153 358 213 402 nec
229 335 288 402 tibi
305 336 491 403 crediderim
509 338 591 404 votis
609 339 765 405 contraria
782 351 858 406 vota

197 455 256 496 nec
274 442 397 496 tantum
415 433 535 499 crimen
551 444 678 519 pectore
695 434 799 500 inesse
816 446 885 500 tuo:

102 541 137 596 85
153 549 227 590 nam
245 537 277 590 te
293 548 352 591 nec
369 528 451 591 vasti
469 539 646 613 genuerunt
664 549 802 611 aequora
818 529 907 615 ponti

195 642 255 685 nec
271 620 432 685 flammam
450 622 580 687 volvens
598 644 651 686 ore
669 620 839 687 Chimaera
856 622 924 688 fero

153 735 211 778 nec
229 714 316 778 canis
334 715 493 800 anguinea
509 715 673 780 redimitus
690 726 781 801 terga
800 727 936 795 caterva,

195 808 247 872 oui
264 818 327 873 tres
345 820 418 873 sunt
435 809 562 895 linguae
580 810 854 895 tergeminumque
872 822 977 896 caput,

154 901 325 987 Scyllaque
341 903 516 989 virgineam
534 904 665 969 canibus
683 904 843 970 succincta
860 904 1007 990 figuram,

102 1012 136 1065 90
195 1019 254 1061 nec
272 1009 303 1062 te
321 1008 508 1083 conceptam
525 1019 621 1062 saeva
637 997 749 1063 leaena
766 997 847 1075 tulit,

151 1090 287 1155 barbara
303 1113 364 1156 nec
381 1091 641 1176 Scythiaetellus
659 1091 855 1158 horrendaue
874 1091 987 1178 Syrtis,

193 1186 249 1250 sed
268 1186 352 1250 culta
370 1196 401 1250 et
419 1186 505 1250 duris
523 1208 588 1250 non
605 1185 778 1252 habitanda
796 1188 908 1252 domus

152 1290 183 1344 et
199 1281 294 1365 longe
312 1291 385 1344 ante
403 1280 480 1344 alias
498 1302 607 1346 omnes
626 1281 792 1346 mitissima
809 1293 909 1347 mater

193 1374 284 1456 isque
300 1384 391 1458 pater
408 1396 471 1457 quo
489 1396 553 1438 non
571 1374 651 1438 alter
668 1376 843 1440 amabilior.

99 1474 133 1527 95
150 1465 230 1531 haec
247 1467 326 1531 deus
343 1467 377 1531 in
394 1468 508 1532 melius
526 1466 666 1532 crudelia
685 1470 808 1534 somnia
824 1480 927 1534 vertat

192 1571 224 1628 et
239 1561 348 1627 iubeat
364 1560 487 1647 tepidos
504 1561 592 1627 irrita
609 1561 692 1627 ferre
709 1575 810 1628 notos.

637 1914 679 1981 V.

36 2060 42 2070 ¹
147 2034 215 2100 Vos
233 2042 330 2110 tenet,
348 2031 493 2096 Etruscis
510 2040 619 2096 manat
635 2051 718 2113 quae
735 2029 877 2094 fontibus
895 2031 990 2108 unda,

191 2126 279 2190 unda
297 2127 356 2190 sub
374 2126 530 2191 aestivum
546 2147 610 2189 non
629 2125 776 2190 adeunda
794 2146 915 2201 canem,

148 2242 233 2284 nunc
251 2230 357 2286 autem
375 2220 472 2285 sacris
490 2220 642 2284 Baiarum
655 2221 802 2304 proxima
818 2219 966 2304 lymphis,

191 2336 264 2379 cum
282 2337 317 2379 se
333 2335 493 2399 purpureo
510 2337 585 2379 vere
602 2312 733 2378 remittit
750 2312 880 2377 humus:

112 2427 132 2482 5
148 2417 181 2472 at
198 2407 275 2472 mihi
293 2408 499 2494 Persephone
516 2408 641 2493 nigram
659 2407 825 2472 denuntiat
841 2407 966 2474 horam:

190 2502 347 2568 immerito
365 2502 472 2568 iuveni
489 2524 584 2587 parce
601 2523 726 2578 nocere,
745 2500 815 2566 dea.

147 2618 212 2661 non
230 2619 291 2682 ego
309 2597 461 2683 temptavi
477 2596 557 2661 nulli
574 2595 759 2661 temeranda
776 2595 915 2660 virorum

191 2692 296 2756 audax
313 2690 491 2757 laudandae
510 2711 600 2754 sacra
616 2689 730 2754 docere
748 2689 836 2766 deae,

148 2807 207 2851 neo
225 2808 296 2851 mea
312 2784 482 2850 mortiferis
500 2783 609 2848 infecit
627 2783 742 2868 pocula
760 2784 842 2848 sucis

96 2898 131 2954 10
190 2880 320 2945 dextera
336 2901 396 2944 nec
414 2878 563 2963 cuiquam
581 2877 655 2943 trita
671 2899 795 2943 venena
813 2877 910 2954 dedit,

148 2996 207 3040 nec
224 2996 282 3039 nos
301 2974 468 3059 sacrilegos
486 2972 612 3057 templis
631 2973 828 3053 admovimus
846 2971 947 3057 ignes,

189 3090 249 3133 nec
267 3090 322 3133 cor
339 3067 506 3133 sollicitant
525 3067 610 3132 facta
626 3065 766 3130 nefanda
783 3088 901 3142 meum,

146 3185 207 3228 nec
224 3185 281 3227 nos
299 3163 429 3227 insanae
446 3160 635 3226 meditantes
652 3159 756 3245 iurgia
773 3159 889 3224 mentis

189 3257 288 3341 impia
304 3257 338 3320 in
356 3257 503 3321 adversos
522 3254 671 3318 solvimus
690 3277 746 3318 ora
763 3253 850 3319 deos.

96 3368 131 3423 15
148 3361 180 3416 et
196 3351 338 3415 nondum
356 3350 427 3415 cani
443 3350 551 3435 nigros
568 3349 688 3413 laesere
706 3347 848 3433 capillos,

190 3466 250 3509 nec
267 3445 354 3509 venit
371 3444 461 3509 tardo
480 3465 578 3508 curva
595 3453 722 3508 senecta
739 3443 829 3527 pede.

148 3539 285 3605 natalem
303 3538 404 3624 primo
422 3549 565 3602 nostrum
582 3537 689 3602 videre
706 3547 863 3622 parentes,

107 3658 115 3672 ·
191 3656 265 3699 cum
282 3632 395 3697 cecidit
412 3631 478 3696 fato
496 3632 606 3696 consul
624 3642 757 3713 uterque
775 3630 853 3714 pari.

93 3722 98 3730 ’
148 3728 225 3812 quid
242 3726 389 3791 fraudare
405 3725 493 3790 iuvat
510 3725 607 3790 vitem
624 3725 838 3789 crescentibus
856 3723 926 3788 uvis

97 3838 131 3893 20
191 3833 223 3887 et
241 3821 335 3885 modo
353 3830 428 3884 nata
446 3819 529 3884 mala
546 3818 662 3884 vellere
679 3841 774 3904 poma
791 3817 907 3882 manu?

149 3917 277 4002 parcite,
296 3915 449 4000 pallentes
467 3913 568 3978 undas
586 3913 778 3997 quicumque
796 3910 908 3977 tenetis

191 4011 333 4092 duraque
352 4008 453 4074 sortiti
470 4007 561 4073 tertia
577 4030 677 4094 regna
694 4007 753 4072 dei
