2566 4448
95 234 172 282 XXII
427 241 469 282 DN
482 239 606 283 rmum
617 238 691 284 ulra
702 239 744 282 ET
755 237 845 283 ΡΟΕΒΙ

161 351 226 405 hinc
237 367 314 405 soror
326 349 356 404 in
368 354 474 421 partem
485 349 587 404 misera
599 366 662 404 cum
672 353 760 404 matre
773 349 873 406 doloris

195 420 272 473 venit
282 419 422 473 inornatas
435 418 568 473 dilaniata
580 434 685 472 comas:

165 505 280 558 cumque
292 487 347 542 tuis
360 504 410 541 sna
420 487 567 542 iunxerunt
577 486 759 556 Nemesisque
771 486 901 558 priorque

198 557 292 611 oscula
303 573 355 610 nec
367 557 438 610 solos
451 556 600 610 destituere
611 571 701 626 rogos.

18 622 21 627 ’
116 628 132 681 5
166 625 250 679 Delia
262 625 431 679 descendens
444 624 578 679 ‘felicius’
591 623 681 694 inquit
693 626 798 679 ‘amata

199 711 259 747 sum
270 693 335 747 tibi:
347 693 439 747 vixisti
461 695 527 747 dum
537 698 601 747 tuus
613 692 686 763 ignis
699 691 791 746 eram’

164 761 208 816 cui
220 761 345 817 Nemesis
357 735 449 832 ‘qnidl
462 762 503 815 ait
514 762 580 816 ‘tibi
591 766 655 815 sunt
666 777 728 815 mea
740 763 841 816 damna
853 761 961 818 dolori?

132 800 145 920 J
197 847 241 884 me
253 831 343 884 tenuit
353 832 472 884 moriens
485 829 630 884 deficiente
641 830 742 884 manu’

163 898 188 952 si
198 904 291 953 tamen
304 916 318 953 e
330 900 409 953 nobis
421 898 526 970 aliquid
537 898 591 952 nisi
601 915 701 952 nomen
714 904 741 952 et
752 899 849 954 umbra

115 969 149 1024 60
201 972 296 1036 555151,
307 968 337 1020 15
348 968 444 1038 Elysia
455 967 527 1020 valle
539 966 668 1021 Tibullus
680 968 740 1020 erit.

164 1036 262 1091 obvius
274 1035 338 1090 hnic
349 1035 452 1103 venias,
464 1036 569 1089 hedera
579 1035 719 1090 iuvenalia
731 1036 836 1090 cinctus

197 1109 323 1174 tempora
334 1122 396 1158 cum
408 1102 501 1173 Calvo,
516 1104 596 1158 docte
609 1102 726 1173 Catulle,
739 1111 795 1173 155,

129 1186 131 1190 ”
164 1177 195 1227 15
207 1190 324 1242 quoque,
337 1172 360 1226 si
372 1172 472 1226 falsum
485 1177 527 1226 est
538 1173 665 1226 temerati
677 1173 779 1227 crimen
792 1173 882 1244 amici,

199 1241 341 1312 sanguinis
353 1247 437 1310 atque
449 1241 557 1295 animae
568 1242 686 1312 prodige
699 1240 781 1296 Galle
792 1248 864 1297 tuae.

114 1311 148 1367 65
165 1310 209 1364 his
221 1327 311 1364 eomes
323 1310 421 1365 umbra
431 1315 481 1363 tua
493 1315 542 1363 est.
569 1309 594 1362 si
605 1326 660 1380 qua
672 1316 715 1365 est
725 1311 807 1365 modo
819 1312 940 1383 corporis
951 1312 1060 1380 umbra,

199 1379 300 1433 auxisti
313 1394 449 1447 numeros,
463 1379 535 1432 culte
547 1378 669 1447 Tibulle,
682 1380 750 1448 pios.

165 1463 227 1501 5555
239 1447 343 1516 quieta,
355 1463 461 1517 precor,
472 1452 534 1500 tuta
546 1447 709 1517 requiescite
721 1448 751 1501 in
761 1465 840 1519 urna,

201 1520 231 1569 et
241 1516 278 1569 sit
289 1516 388 1569 humus
400 1515 486 1570 cineri
497 1532 552 1570 non
564 1532 678 1571 onerosa
689 1521 744 1570 tuo.

97 1620 177 1675 Idem
188 1618 281 1671 Amor.
294 1617 309 1671 I
321 1617 363 1687 15,
376 1617 410 1673 27

168 1721 256 1774 donec
268 1725 348 1775 erunt
359 1720 439 1791 ignes
451 1736 585 1790 arcusque
598 1719 743 1790 Cupidinis
756 1739 841 1792 arma,

201 1789 339 1843 discantur
350 1790 465 1858 numeri,
479 1791 552 1844 culte
564 1789 684 1860 Tibulle,
696 1792 745 1844 tui.

100 1884 179 1938 Idem
191 1883 251 1936 Art.
264 1899 316 1936 am.
328 1883 374 1936 III
385 1884 436 1938 333

167 1982 195 2032 et
205 1977 294 2031 teneri
305 1977 394 2047 possis
406 1994 517 2031 carmen
528 1977 554 2031 le
575 1977 630 2031 isse
643 1977 782 2048 Properti,

200 2045 258 2100 sive
269 2045 376 2115 aliquid
389 2044 473 2115 Galli,
486 2046 552 2115 sive,
591 2046 688 2115 ibulle,
699 2052 785 2101 tuum.

97 2141 176 2195 Idem
188 2141 249 2193 Art.
263 2156 316 2193 am.
329 2139 437 2194 111535

169 2250 218 2287 nos
229 2233 346 2287 iacimus
358 2232 477 2304 placitae
490 2234 545 2287 late
554 2233 707 2356 8555555151
718 2235 835 2290 formae:

200 2317 299 2354 nomen
309 2301 395 2355 habet
406 2300 541 2371 Nemesis,

100 2396 178 2450 Idem
190 2394 267 2451 Rem.
280 2410 333 2447 am.
347 2394 397 2449 763

171 2488 293 2553 carmina
305 2488 469 2570 quis-potnit
479 2493 539 2542 tuto
551 2488 652 2570 legisse
666 2490 781 2559 Tibulli,

202 2558 247 2639 rel
257 2562 315 2625 tua,
326 2574 406 2638 curus
418 2573 487 2628 opus
500 2556 622 2639 Cynthia
634 2559 692 2611 sola
704 2558 777 2612 fuit?

171 2625 807 2764 qttttttittttrtttttutttttl

99 2785 384 2856 1555555445

170 2896 225 2934 555
237 2879 291 2934 fnit
302 2880 450 2952 opprobrio
461 2881 616 2936 celebrasse
628 2881 768 2951 Lycorida
780 2880 871 2954 Gallo,

202 2949 251 3002 sed
262 2950 386 3020 linguam
397 2949 482 3003 nimio
493 2966 548 3003 non
559 2949 680 3029 tenuisse
692 2966 775 3003 mero.

169 3019 282 3072 credere
293 3018 395 3072 iuranti
408 3019 505 3072 durum
517 3022 598 3089 putat
609 3034 669 3072 esse
681 3018 818 3087 Tibullus,

204 3087 245 3140 sic
257 3086 341 3140 etiam
353 3087 388 3140 de
401 3104 430 3140 55
443 3088 516 3157 quod
528 3092 614 3156 neget
623 3086 673 3140 1115
684 3086 756 3140 viro:

171 3153 268 3208 fallere
281 3156 408 3209 custodes
419 3156 494 3209 idem
506 3155 631 3209 docuisse
643 3154 755 3223 fatetur,

100 3223 153 3277 450
205 3239 289 3293 seque
302 3241 351 3277 sua
362 3225 492 3277 miserum
502 3240 576 3277 nunc
587 3223 628 3276 511
639 3229 698 3276 arte
710 3224 812 3293 premi:

171 3306 264 3360 saepe,
276 3293 352 3345 velut
364 3309 501 3363 gemmam
513 3292 639 3346 dominae
652 3292 793 3362 signumve
806 3294 945 3364 probaret,

203 3376 254 3430 per
265 3377 376 3414 causam
387 3361 511 3416 meminit
522 3378 552 3415 se
563 3360 687 3431 tetigisse
699 3377 822 3414 manum:

169 3432 255 3497 utque
267 3428 360 3497 refert,
372 3429 469 3500 digitis
481 3445 564 3500 saepe
577 3434 619 3482 est
630 3433 751 3498 nutuque
763 3430 871 3484 locutus

205 3501 233 3550 et
243 3494 357 3550 tacitam
368 3513 480 3551 mensae
493 3499 571 3552 duxit
581 3498 610 3552 in
622 3498 688 3553 orbe
700 3503 805 3552 notam:

101 3564 153 3618 455
172 3570 200 3618 51
211 3565 311 3635 quibus
324 3581 340 3619 e
352 3567 424 3619 sucis
436 3566 520 3620 abeat
531 3567 566 3620 de
578 3582 691 3637 corpore
703 3567 782 3637 livor,

206 3633 340 3703 impresso
352 3633 414 3687 fieri
425 3635 473 3703 qui
486 3635 555 3688 solet
566 3651 622 3704 ore,
635 3636 728 3689 docet:

172 3702 290 3773 deniqne
303 3702 339 3757 ab
351 3701 462 3755 incauto
473 3701 587 3757 nimium
598 3705 670 3773 petit
680 3704 727 3757 ille
739 3703 847 3776 marito,

205 3785 235 3825 se
247 3787 356 3841 quoque
368 3770 409 3824 nti
420 3776 518 3840 servet,
530 3777 628 3841 peccet
638 3777 670 3825 ut
680 3772 729 3826 illa
740 3773 838 3828 miuus.

171 3837 233 3907 scit,
245 3839 290 3893 cui
301 3839 425 3908 latretur,
438 3856 500 3894 cum
512 3840 585 3894 solus
596 3839 756 3895 obambulat
766 3842 835 3912 ipse,

102 3906 155 3963 460
206 3907 251 3960 551
262 3907 363 3961 totiens
375 3908 482 3962 clausas
495 3913 617 3965 exscreat
628 3914 692 3962 ante
704 3908 790 3964 fores:

172 3975 312 4045 multaque
325 3976 373 4030 dat
383 3976 450 4030 furti
462 3976 526 4031 talis
558 3982 687 4047 raecepta
699 3978 841 4048 docetque,

206 4059 261 4115 qua
272 4050 376 4118 nuptae
387 4045 494 4118 possint
504 3995 601 4101 falcra
613 4047 650 4102 ab
661 4051 721 4102 arte
732 4047 814 4103 viros.

576 2302 676 2372 ynthia
686 2319 786 2359 nomen
798 2305 890 2360 habet.
