2566 4448
580 174 628 232 I'l
680 213 682 217 -
1076 158 1115 224 17

97 319 162 361 non
181 296 248 362 sine
266 321 317 363 me
336 297 458 363 esttibi
475 308 584 384 partus
602 297 716 363 bonos:
740 298 888 363 Tarbella
905 296 1032 384 Pyrene

140 393 232 488 testis
247 404 278 458 et
297 391 421 458 Oceani
438 393 529 459 litora
548 392 722 471 Santonici,
1134 404 1168 458 10

97 487 186 551 testis
204 487 543 570 Arar'Rhodanusque
562 488 645 552 celer
662 509 860 573 magnusque
879 485 1044 564 Garunna,

141 578 291 645 Carnutis
309 594 340 646 et
357 583 432 646 flavi
449 582 575 646 caerula
591 582 722 667 lympha
739 580 847 667 Liger.

98 668 139 738 an
156 685 197 751 te,
216 673 340 760 Cydne,
358 698 480 752 canam,
499 676 603 740 tacitis
621 676 676 760 qui
693 675 806 740 leniter
823 676 915 740 undis

141 771 303 834 caeruleus
321 770 453 856 placidis
470 793 527 856 per
546 770 628 835 vada
645 771 744 855 serpis
763 771 863 854 aquis,

98 874 234 946 quantus
252 876 284 929 et
301 865 439 930 aetherio
458 878 531 930 cont
532 865 644 950 ingens
661 865 778 929 ver-tice
795 865 896 929 nubes

140 957 300 1042 frigidus'
290 971 432 1023 rntonsos
450 958 576 1023 Taurus
595 960 658 1024 alat
677 956 813 1023 Cilicas?

97 1052 174 1133 quid
191 1052 335 1128 referam,
353 1063 389 1117 ut
377 1053 516 1117 tvolitet
534 1052 710 1118 crebrasin
711 1063 796 1117 tacta
812 1074 869 1137 per
886 1025 981 1117 urbes

140 1145 213 1209 alba
229 1145 367 1210 Palaest'
345 1156 411 1209 trno
430 1155 539 1209 sancta
556 1145 704 1211 columba
723 1145 816 1230 Syro,
902 1172 904 1176 ·

97 1249 195 1323 utque
212 1241 308 1304 maris
325 1251 451 1305 vastum
469 1250 648 1325 prospectet
636 1240 803 1304 tturribus
822 1262 949 1324 aequor*

139 1334 241 1418 prima
257 1344 358 1399 ratem
376 1333 478 1398 ventis
497 1333 624 1399 credere
643 1333 736 1398 docta
753 1333 866 1417 Tyros,
904 1369 908 1373 ·

97 1428 199 1510 qualis
217 1439 259 1504 et,
278 1437 401 1492 arentes
420 1450 492 1492 cum
509 1427 600 1492 findit
619 1427 720 1493 Sirius
739 1450 843 1513 agros,

140 1522 251 1587 fertilis
269 1523 389 1587 aestiva
407 1521 499 1585 Nilus
517 1521 659 1586 abundet
676 1523 778 1605 aqua?

97 1615 170 1680 Nile
188 1627 287 1700 pater,
307 1638 446 1699 quanam
464 1616 584 1700 possim
602 1627 633 1680 te
652 1616 756 1679 dicere
774 1636 871 1679 causa

139 1719 194 1773 aut
212 1709 327 1792 quibus
343 1710 377 1773 in
395 1710 486 1774 terris
504 1710 680 1775 occuluisse
698 1709 813 1794 caput?

96 1813 128 1868 te
145 1814 274 1888 propter
290 1804 393 1868 nullos
411 1805 505 1869 tellus
523 1815 578 1868 tua
595 1804 734 1889 postulat
750 1803 878 1878 imbres,

140 1898 228 1968 arida
245 1921 304 1963 nec
321 1898 429 1984 pluvio
448 1898 605 1984 supplicat
623 1897 722 1962 herba
740 1898 819 1978 Iovi.

97 2004 127 2056 te
146 1993 230 2056 canit
248 2004 342 2076 atque
360 2015 452 2056 suum
470 1993 572 2077 pubes
589 1992 721 2056 miratur
738 1989 867 2062 Osirim

138 2086 284 2162 barbara,
302 2086 503 2172 Memphiten
521 2087 672 2172 plangere
691 2086 783 2150 docta
801 2087 925 2151 bovem.

97 2177 217 2262 primus
236 2188 340 2241 aratra
356 2201 453 2242 manu
471 2179 590 2243 sollerti
606 2179 681 2243 fecit
700 2176 803 2242 Osiris

101 2286 104 2291 '
140 2280 172 2335 et
187 2281 328 2335 teneram
345 2270 429 2336 ferro
447 2272 626 2336 sollicitavit
643 2272 785 2348 humum,

96 2365 217 2450 primus
235 2364 418 2449 inexpertae
437 2365 594 2434 commisit
611 2366 732 2429 semina
748 2377 849 2431 terrae

100 2520 102 2524 Α
139 2481 296 2544 pomaque
313 2479 378 2523 non
396 2459 479 2534 notis
496 2458 574 2544 legit
592 2459 633 2522 ab
651 2459 826 2522 arboribus.

95 2553 147 2618 hic
165 2553 272 2618 docuit
289 2563 431 2619 teneram
447 2552 527 2638 palis
546 2552 718 2638 adiungere
737 2553 844 2629 vitem,

138 2647 190 2712 hic
208 2647 339 2712 viridem
357 2647 436 2712 dura
454 2647 585 2712 caedere
603 2647 684 2712 falce
703 2669 839 2712 comam:

95 2741 140 2805 illi
158 2741 313 2806 iucundos
330 2742 467 2827 primurn
485 2752 610 2805 matura
627 2738 773 2826 sapores'

140 2858 289 2919 expressa
305 2835 431 2900 incultis
450 2858 513 2899 uva
531 2835 617 2900 dedit
634 2836 780 2921 pedibus.

96 2925 149 2992 ille
166 2928 269 3010 liquor
287 2928 393 2993 docuit
411 2951 506 2993 voces
523 2928 683 2996 inflectere
701 2939 806 3004 canta,

140 3021 238 3084 movit
256 3033 286 3086 et
303 3023 345 3087 ad
363 3034 465 3088 certos
483 3023 590 3087 nescia
607 3022 749 3087 membra
766 3023 898 3086 modos:-

96 3113 244 3178 Bacchus
262 3125 294 3179 et
312 3116 469 3201 agricolae
487 3138 604 3200 magno
622 3117 766 3180 confecta
783 3116 891 3180 labore

139 3219 269 3294 pectora
285 3209 427 3275 tristitiae
447 3210 649 3274 dissoluenda
667 3210 766 3275 dedit:
788 3232 790 3238 ·

95 3301 243 3366 Bacchus
262 3312 293 3365 et
310 3302 443 3367 adflictis
460 3303 603 3385 requiem
621 3302 805 3366 mortalibus
824 3301 936 3377 adfert,

139 3417 231 3459 crura
248 3392 323 3458 licet
341 3395 420 3460 dura
437 3395 589 3480 compede
607 3397 700 3480 pulsa
717 3405 838 3459 sonent.

95 3511 159 3553 non
177 3488 236 3552 tibi
253 3500 326 3552 sunt
344 3490 447 3554 tristes
466 3511 561 3552 curae
577 3510 636 3553 nec
654 3489 768 3564 luctus,
787 3486 885 3565 Osiri,

59 3633 63 3638 .
81 3582 84 3586 ’
139 3583 196 3647 sed
213 3582 327 3646 chorus
346 3593 377 3646 et
395 3593 504 3647 cantus
523 3593 555 3647 et
572 3582 651 3646 levis
670 3592 762 3666 aptus
780 3605 878 3659 amor,

97 3676 153 3740 sed
170 3676 249 3740 varii
266 3677 358 3741 fiores
377 3687 408 3741 et
425 3676 511 3740 frons
529 3675 674 3740 redimita
691 3677 858 3760 corymbis,

138 3769 210 3835 fusa
227 3770 284 3835 sed
301 3771 343 3835 ad
360 3781 485 3835 teneros
503 3770 588 3835 lutea
605 3771 690 3855 palla
706 3771 804 3858 pedes

97 3872 129 3928 et
146 3863 262 3948 Tyriae
279 3876 382 3931 vestes
401 3877 432 3930 et
450 3863 550 3928 dulcis
568 3865 646 3929 tibia
663 3875 758 3930 cantu

140 3967 171 4020 et
188 3957 266 4024 levis
283 3959 414 4026 occultis
433 3959 558 4024 conscia
576 3958 653 4025 cista
671 3960 777 4026 sacris.

150 4057 251 4101 naras.
926 4059 943 4114 2
