2566 4448
35 25 123 75 ,s

164 128 188 206 6

167 275 308 361 quisquis
327 296 434 341 amore
451 284 585 352 tenetur,
604 284 654 340 eat
670 286 821 360 tutusque
840 297 990 361 sacerque

208 369 362 454 qualibet:
381 368 510 434 insidias
526 391 591 433 non
607 369 749 435 timuisse
767 371 867 436 decet.

165 482 230 529 non
247 463 324 528 mihi
341 463 433 550 pigra
449 475 564 529 nocent
581 462 731 529 hibernae
749 464 870 550 frigora
886 466 997 543 noctis,

113 565 149 620 30
208 581 273 623 non
289 557 376 635 mihi,
395 580 468 623 cum
484 558 585 622 multa
602 557 719 622 decidit
735 557 838 622 imber
854 576 965 642 aqua·

164 675 229 718 non
246 651 336 716 labor
353 652 404 717 hic
422 652 528 730 laedit,
547 662 665 717 reseret
680 652 775 716 modo
793 651 889 716 Delia
906 665 1011 737 postes

208 758 239 813 et
257 757 350 812 vocet
367 746 409 811 ad
427 746 518 832 digiti
535 769 586 811 me
604 746 760 811 taciturna
778 768 900 811 sonum.

164 841 284 928 parcite
300 841 484 919 luminibus,
502 863 559 905 seu
576 841 625 905 vir
642 863 698 906 seu
716 841 834 906 femina
850 841 906 906 fiat

208 935 317 1001 obvia:
336 935 432 1001 celari
448 934 517 998 vult
535 957 593 999 sua
609 933 695 998 furta
712 935 833 1001 Venus.

113 1045 148 1101 35
164 1052 228 1096 555
245 1030 378 1115 strepitu
395 1039 509 1095 terrete
526 1028 654 1114 pedum,
672 1051 735 1093 neu
757 1029 899 1112 quaerite
916 1051 1039 1108 nomen,

206 1147 270 1191 neu
288 1147 387 1211 prope
404 1122 541 1210 fulgenti
556 1121 678 1186 lumina
695 1121 775 1188 ferte
793 1122 874 1189 face.

164 1218 192 1283 si
210 1219 281 1303 quis
300 1228 332 1284 et
348 1217 533 1303 imprudens
551 1216 718 1302 aspexerit,
737 1217 861 1283 occulat
877 1217 931 1282 ille

206 1334 325 1398 perque
344 1312 419 1376 deos
438 1332 546 1376 omnes
565 1333 599 1376 se
616 1311 797 1376 meminisse
813 1324 923 1398 neget:

129 1443 132 1448 ·
163 1430 239 1471 nam
256 1406 352 1471 fuerit
369 1406 560 1490 quicumque
577 1404 704 1489 loquax,
722 1406 750 1470 is
768 1407 922 1492 sanguine
939 1418 1057 1484 natam,

112 1515 148 1571 40
206 1502 233 1566 is
251 1501 411 1567 Venerem
429 1523 447 1565 e
464 1500 575 1585 rapido
593 1500 707 1565 sentiet
724 1522 793 1566 esse
811 1501 900 1565 mari.

164 1617 224 1661 nec
240 1606 347 1661 tamen
365 1593 439 1660 huic
457 1594 563 1661 credet
580 1594 718 1659 coniunx
735 1606 820 1671 tuus,
837 1605 874 1659 ut
891 1595 969 1660 mihi
986 1618 1083 1662 verax

207 1688 347 1774 pollicita
365 1698 413 1754 est
429 1689 554 1775 magico
572 1710 650 1774 saga
666 1688 849 1755 ministerio.

94 1870 96 1874 ι
117 1817 120 1821 ·
163 1782 245 1848 hanc
263 1804 323 1868 ego
342 1782 382 1848 de
399 1782 487 1848 caelo
504 1783 674 1848 ducentem
691 1782 794 1847 sidera
811 1781 887 1858 vidi,

205 1877 344 1941 fluminis
361 1875 441 1941 haec
459 1875 561 1961 rapidi
580 1874 718 1939 carmine
735 1875 829 1939 vertit
845 1875 914 1952 iter,

112 1984 147 2040 45
164 1968 244 2036 haec
262 1979 356 2035 cantu
372 1969 527 2053 finditque
545 1969 648 2033 solum
664 1990 837 2054 manesque
855 1968 1008 2054 sepulcris

201 2063 341 2129 ’511511151
358 2063 464 2149 tepido
483 2063 616 2128 devocat
633 2084 706 2127 ossa
722 2084 815 2148 rogo:

163 2157 227 2223 iam
244 2167 331 2224 tenet
347 2157 486 2223 infernas
504 2156 629 2242 magico
647 2155 849 2222 stridoret
797 2166 849 2221 cat
849 2178 950 2235 ervas,

204 2252 268 2316 iam
285 2250 374 2316 iubet
392 2273 536 2337 aspersas
552 2250 633 2316 lacte
650 2249 767 2326 referre
784 2249 909 2336 pedem

164 2369 236 2412 cum
254 2345 341 2422 libet,
358 2345 468 2411 haect
455 2345 536 2410 tristi
553 2343 682 2442 depellit
698 2344 809 2409 nubila
826 2344 928 2411 caelo:

112 2447 147 2502 50
207 2463 281 2506 cum
297 2439 384 2517 libet,
403 2439 523 2505 aestivo
542 2436 694 2504 convocat
712 2438 838 2504 orbe
807 2460 907 2504 mves.

165 2535 232 2600 sola
249 2545 357 2600 tenere
374 2535 473 2599 malas
491 2533 629 2599 Medeae
647 2532 761 2597 dicitur
778 2532 903 2610 herbas,

205 2629 273 2693 sola
290 2628 373 2694 feros
391 2629 535 2693 Hecatae
552 2627 769 2712 perdomuisse
787 2649 891 2692 canes.

163 2722 243 2788 haec
259 2722 337 2787 mihi
354 2722 530 2808 composuit
547 2730 668 2798 cantus,
687 2720 758 2805 quis
775 2719 884 2786 fallere
901 2741 1025 2806 posses:

206 2827 254 2882 ter
271 2838 359 2893 cane,
377 2826 425 2881 ter
442 2816 533 2880 dictis
533 2815 671 2903 despue
689 2814 891 2880 carminibus.

95 2882 147 2974 55
163 2910 217 2976 ille
234 2909 384 2974 nihilt
329 2931 370 2995 po
372 2909 444 2976 terit
462 2909 501 2974 de
518 2908 609 2973 nobis
628 2909 755 2974 credere
774 2909 932 2993 cuiquam,

205 3003 400 3082 nonsibi,
376 3027 403 3068 sr
419 3003 452 3067 in
469 3003 556 3067 molli
574 3003 773 3089 viderit't1pse
791 3014 871 3067 1555.

164 3110 199 3164 15
216 3111 323 3165 tamen
341 3097 500 3163 abstineas
519 3096 603 3162 aliis:
620 3119 696 3162 nam
713 3109 818 3162 cetera
835 3106 942 3163 cernet

162 3193 326 3273 „omnies
346 3193 385 3258 de
403 3214 454 3257 me
471 3214 535 3256 uno
553 3191 666 3257 sentiet
682 3191 735 3256 ille
752 3191 840 3256 nihil.

164 3288 242 3372 quid
260 3287 405 3353 credam?
421 3308 536 3372 nempe
554 3285 633 3351 haec
650 3285 761 3351 eadem
779 3307 813 3350 se
831 3284 911 3349 dixit
928 3306 1050 3352 amores

113 3391 148 3446 60
207 3382 351 3447 cantibus
369 3390 425 3445 aut
441 3380 547 3446 herbis
565 3381 686 3445 solvere
703 3400 797 3465 posse
813 3401 912 3457 meos,

166 3487 198 3542 et
215 3479 265 3541 me
282 3475 426 3539 lustravit
443 3475 555 3551 taedis,
574 3485 605 3539 et
622 3483 715 3539 nocte
733 3495 844 3539 serena

208 3568 343 3635 concidit
360 3568 402 3631 ad
418 3567 558 3653 magicos
576 3566 679 3633 hostia
695 3567 783 3653 pulla
800 3566 886 3632 deos.

164 3687 228 3729 non
246 3685 306 3748 ego
325 3671 409 3726 totus
428 3661 554 3725 abesset
572 3684 670 3739 amor,
689 3661 746 3726 sed
763 3670 891 3725 mutuus
912 3669 1004 3735 esset,

206 3758 347 3833 orabam,
363 3777 424 3820 nec
441 3765 473 3820 te
491 3775 584 3840 posse
602 3776 707 3820 carere
725 3755 830 3818 velim.

71 3850 84 3935 ,ι’
114 3861 148 3916 65
165 3853 285 3919 ferreus
302 3852 356 3917 ille
373 3850 443 3925 fuit,
461 3850 516 3933 qui
533 3860 565 3914 15
583 3871 655 3914 cum
672 3860 779 3935 posset
796 3849 923 3926 habere,

65 3940 73 4035 l
207 3947 352 4013 maluerit
369 3945 503 4032 praedas
521 3945 635 4010 stultus
654 3957 685 4012 et
702 3968 790 4010 arma
807 3943 905 4029 sequi.
