2566 4448
461 802 467 809 ’
509 797 828 880 PRIAPEA.

654 1054 682 1117 Ι.

157 1209 279 1275 Vilicus
298 1207 399 1273 aerari
417 1207 588 1290 quondam,
607 1230 692 1272 nune
709 1208 811 1272 cultor
830 1207 934 1293 agelli,

199 1304 278 1367 haec
296 1303 353 1367 tibi
370 1303 562 1388 Perspectus
574 1304 707 1387 templa,
727 1302 853 1387 Priape,
872 1303 952 1368 dico.

155 1419 213 1482 pro
230 1397 346 1479 quibus
366 1396 489 1474 officiis,
508 1398 534 1460 si
553 1396 601 1461 fas
620 1408 677 1473 est,
697 1407 813 1473 sancte,
832 1397 985 1481 paciscor,

199 1491 344 1556 assiduus
363 1503 469 1556 eustos
487 1492 569 1556 ruris
587 1502 623 1556 ut
641 1514 709 1556 esse
728 1492 817 1568 velis,

120 1591 138 1643 5
154 1586 317 1670 improbus
336 1596 371 1650 ut
389 1586 415 1649 si
433 1586 504 1669 quis
521 1598 663 1651 nostrum
681 1585 806 1649 violarit
824 1585 972 1671 agellum,

197 1680 282 1745 hune
299 1692 344 1758 tu,
363 1680 419 1746 sed
437 1692 524 1745 tento
542 1717 584 1728 -
601 1681 673 1758 scis,
690 1692 780 1765 puto,
799 1679 884 1762 quod
903 1678 1053 1761 sequitur.

640 2028 686 2094 11.

238 2147 326 2229 Quid
344 2148 404 2213 hoe
421 2148 495 2213 novi
514 2148 580 2214 est?
597 2149 675 2232 quid
692 2150 740 2213 ira
757 2147 882 2212 nuntiat
899 2148 1012 2213 deum?

238 2244 349 2308 silente
367 2255 459 2308 nocte
478 2243 631 2308 candidus
651 2243 728 2307 mihi
746 2266 825 2327 puer

237 2348 364 2423 tepente
383 2361 455 2403 eum
473 2337 589 2403 iaceret
607 2339 732 2402 abditus
750 2338 831 2416 sinu,

236 2433 347 2499 Venus
366 2431 427 2497 fuit
443 2432 552 2515 quieta
568 2455 628 2497 nec
646 2432 777 2496 viriliter

236 2526 320 2590 iners
339 2527 437 2591 senile
454 2527 545 2611 penis
564 2527 676 2590 extulit
695 2536 799 2611 caput.

235 2619 349 2704 placet,
366 2620 495 2705 Priape,
513 2621 569 2704 qui
588 2621 649 2686 sub
666 2621 787 2684 arboris
806 2641 897 2684 coma

237 2717 318 2779 soles
336 2738 462 2780 sacrum
479 2716 618 2780 revincte
637 2715 786 2800 pampino
806 2727 902 2799 eaput

236 2809 331 2874 ruber
349 2810 458 2875 sedere
477 2831 549 2874 eum
568 2810 701 2874 rubente
719 2808 859 2872 fascino?

133 2932 137 2936 ·
237 2914 279 2979 at,
298 2925 316 2968 0
334 2903 507 2987 Triphalle,
527 2926 622 2988 saepe
640 2903 770 2968 floribus
787 2902 877 2966 novis

237 3009 308 3062 tuas
326 2998 394 3063 sine
412 3009 479 3062 arte
498 2997 707 3082 deligavimus
726 3019 832 3061 comas

236 3092 465 3178 abegimusque
483 3113 561 3156 voce
580 3114 684 3176 saepe,
704 3113 776 3156 cum
794 3090 852 3154 tibi

236 3208 373 3251 senexve
392 3208 505 3250 corvus
523 3186 698 3271 impigerve
715 3184 863 3270 graculus

236 3302 361 3344 sacrum
379 3281 487 3345 feriret
505 3302 559 3344 ore
577 3301 691 3344 corneo
710 3289 815 3364 caput.

236 3375 317 3451 vale,
335 3375 473 3439 nefande
491 3374 658 3439 destitutor
675 3374 852 3458 inguinum,

236 3468 317 3545 vale,
335 3468 467 3554 Priape:
487 3468 587 3534 debeo
606 3468 663 3532 tibi
681 3468 769 3531 nihil.

235 3562 353 3627 iacebis
371 3563 453 3628 inter
470 3585 547 3626 arva
564 3562 701 3647 pallidus
719 3563 790 3639 situ,

236 3657 386 3740 canisque
404 3678 500 3721 saeva
517 3679 635 3739 susque
653 3657 758 3742 ligneo
776 3655 833 3720 tibi

235 3750 357 3815 lutosus
376 3749 544 3814 adfricabit
562 3750 695 3814 oblitum
713 3751 806 3814 latus.

126 3927 129 3935 ,
236 3855 268 3910 at
286 3867 304 3908 o
323 3845 455 3910 sceleste
473 3844 574 3929 penis,
593 3865 611 3907 ο
629 3867 737 3909 meum
754 3844 883 3922 malum,

230 3939 326 4022 gravi
340 3940 458 4025 piaque
475 3939 548 4026 lege
565 3939 693 4003 noxiam
710 3939 789 4005 lues.
