2566 4448
593 179 644 235 14

110 314 143 369 at
159 306 186 368 si
204 304 312 369 tardus
330 305 401 381 eris,
420 303 552 368 errabis:
571 303 701 368 transiet
719 312 805 368 aetas

152 421 248 483 quam
267 399 343 462 cito:
362 420 426 462 non
444 397 549 482 segnis
567 408 629 462 stat
646 407 827 480 remeatque
845 394 922 460 dies.

111 514 206 577 quam
224 493 286 557 cito
304 513 480 579 purpureos
499 491 642 577 deperdit
659 502 742 557 terra
760 491 889 566 colores,

153 609 250 670 quam
268 586 330 650 cito
347 586 500 650 formosas
519 586 656 671 populus
674 587 747 651 alba
766 607 880 651 comas.

111 702 207 764 quam
223 681 314 756 iacet,
332 681 474 746 infirmae
491 702 606 745 venere
624 681 679 744 ubi
697 680 764 744 fata
781 689 936 754 senectae,

154 774 208 857 qui
225 774 311 859 prior
328 774 408 840 Eleo
427 785 474 840 est
491 796 615 839 carcere
633 774 749 840 missus
768 796 877 857 equus.

111 868 176 933 vidi
193 869 258 933 iam
275 870 432 947 iuvenem,
450 881 607 955 premeret
625 891 697 934 cum
716 869 814 933 serior
832 878 929 943 aetas,

154 976 346 1030 maerentem
364 966 475 1029 stultos
492 965 690 1049 praeteriisse
709 964 784 1028 dies.

112 1059 256 1123 crudeles
273 1058 354 1123 divil
373 1082 501 1144 serpens
519 1081 620 1123 novus
639 1059 724 1124 exuit
743 1079 855 1122 annos:

154 1151 274 1218 formae
290 1176 354 1217 non
372 1154 471 1218 ullam
488 1153 554 1217 fata
572 1153 687 1218 dedere
704 1174 835 1217 moram.

112 1245 186 1310 solis
204 1258 332 1312 aeterna
349 1258 398 1313 est
415 1248 544 1312 Baccho
561 1247 756 1330 Phoeboque
773 1247 932 1311 iuventas:

153 1363 228 1405 nam
246 1342 336 1407 decet
353 1342 497 1406 intonsus
516 1341 609 1406 crinis
627 1353 796 1424 utrumque
815 1341 920 1405 deum.

111 1442 157 1511 tu,
174 1457 274 1520 puero
290 1436 512 1520 quodcumque
530 1446 584 1500 tuo
603 1445 757 1521 temptare
774 1434 895 1510 libebit,

155 1529 262 1594 cedas:
282 1530 434 1613 obsequio
451 1530 587 1614 plurima
604 1530 701 1594 vincit
720 1551 815 1593 amor.

111 1645 176 1687 neu
194 1645 298 1689 comes
315 1624 361 1689 ire
379 1647 486 1710 neges,
505 1624 650 1707 quamvis
667 1624 720 1688 via
736 1625 833 1708 longa
850 1632 976 1708 paretur

156 1728 187 1782 et
205 1718 291 1782 canis
309 1719 409 1784 arenti
426 1730 544 1784 torreat
560 1741 637 1783 arva
655 1718 716 1793 siti,

112 1814 256 1895 quamvis
273 1823 460 1899 praetexens
474 1816 562 1898 picea
580 1813 740 1898 ferrugine
759 1813 881 1877 caelum

154 1918 320 1971 venturam
338 1911 480 1973 admittat
496 1908 617 1992 raubifhr
635 1930 721 1971 eurus
740 1928 865 1990 aquam.

112 2000 163 2065 vel
181 2000 208 2065 si
225 2002 385 2066 caeruleas
403 2002 504 2087 puppi
522 2001 607 2066 volet
623 2001 670 2066 ire
687 2023 744 2087 per
760 2001 874 2076 undas,

155 2094 222 2180 ipse
240 2096 343 2160 levem
360 2118 447 2161 remo
464 2118 520 2181 per
538 2096 618 2161 freta
635 2096 718 2181 pelle
736 2106 845 2160 ratem.

113 2200 220 2253 necte
238 2190 397 2274 paeniteat
415 2191 509 2255 duros
527 2190 661 2255 subiisse
679 2190 803 2255 labores

157 2293 212 2346 aut
229 2303 325 2367 opera
341 2283 480 2348 insuetas
499 2284 663 2349 attenuisse
680 2307 804 2361 manus,

114 2400 183 2454 nec,
201 2377 277 2443 velit
294 2377 414 2442 insidiis
433 2379 512 2442 altas
530 2379 556 2442 si
574 2379 720 2442 claudere
737 2378 845 2453 valles,

157 2473 234 2536 dum
251 2472 387 2557 placeas,
410 2472 511 2536 umeri
528 2472 607 2537 retia
624 2471 706 2537 ferre
723 2482 848 2556 negent.

114 2567 141 2632 si
158 2567 242 2632 volet
259 2589 357 2643 arma,
375 2567 438 2631 levi
455 2566 623 2651 temptabis
641 2566 750 2630 ludere
768 2566 893 2629 dextra:

157 2684 251 2746 saepe
268 2661 359 2727 dabis
376 2661 507 2737 nudum,
525 2661 631 2726 vincat
648 2672 684 2725 ut
699 2661 763 2737 ille,
781 2661 872 2723 latus.

115 2768 182 2821 tum
199 2755 256 2819 tibi
273 2755 357 2820 mitis
374 2755 442 2833 erit,
460 2755 563 2841 rapias
582 2765 649 2820 tum
669 2777 741 2819 cara
757 2754 864 2819 licebit

157 2851 279 2915 oscula:
300 2850 466 2935 pugnabit,
485 2850 541 2915 sed
557 2860 664 2914 tamen
681 2862 754 2935 apta
772 2848 867 2913 dabit.

115 2955 205 3029 rapta
222 2943 310 3008 dabit
326 2944 438 3029 primo,
456 2966 531 3008 mox
549 2943 660 3008 offeret
677 2942 746 3028 ipse
763 2941 897 3027 roganti,

158 3049 230 3123 post
246 3038 341 3103 etiam
358 3038 438 3104 collo
456 3061 490 3103 se
508 3038 700 3122 implicuisse
718 3037 804 3101 velit.

116 3131 179 3196 heu
196 3131 277 3197 male
294 3155 379 3197 nunc
397 3142 479 3197 artes
497 3133 627 3196 miseras
645 3132 724 3196 haec
741 3132 867 3195 saecula
884 3138 1032 3193 tractant:

157 3226 221 3289 iam
238 3236 327 3291 tener
344 3227 490 3291 adsuevit
506 3248 638 3291 munera
654 3226 734 3290 velle
752 3247 839 3310 puer.

116 3331 148 3384 at
170 3330 215 3396 tu,
234 3319 289 3402 qui
305 3322 463 3385 Venerem
485 3320 617 3384 docuisti
635 3319 772 3384 vendere
789 3317 919 3402 primus,

159 3413 301 3498 quisquis
319 3436 363 3490 es,
380 3414 491 3479 infelix
508 3424 621 3499 urgeat
638 3434 710 3476 ossa
727 3411 816 3496 lapis.
1000 3412 1003 3415 ’

116 3509 270 3584 Pieridas,
289 3507 389 3592 pueri,
408 3509 516 3572 doctos
534 3519 566 3571 et
584 3517 686 3571 amate
704 3517 823 3590 pectas,

159 3626 255 3667 aurea
271 3624 330 3666 nec
348 3613 496 3687 superent
512 3623 644 3664 munera
661 3600 813 3665 Pieridas.

117 3698 253 3761 carmine
270 3718 430 3782 purpurea
448 3705 494 3759 est
511 3694 581 3759 Nisi
599 3716 701 3759 coma:
720 3695 859 3760 earmina
875 3694 908 3758 ni
927 3694 1003 3772 sint,

159 3814 198 3855 ex
216 3812 325 3857 umero
341 3789 470 3875 Pelopis
487 3811 551 3853 non
569 3789 712 3854 nituisset
730 3790 817 3854 ebur.

118 3906 212 3967 quem
228 3885 365 3952 referent
384 3884 510 3961 Musae,
529 3883 623 3961 vivet,
643 3884 718 3948 dum
735 3883 849 3948 robora
867 3883 969 3958 tellus,

160 3978 234 4044 dum
253 3981 374 4047 caelum
393 3980 508 4056 stellas,
528 3978 604 4043 dum
621 3979 713 4046 vehet
730 3979 831 4044 amnis
848 3999 957 4063 aquas.
