2566 4448
456 226 640 271 TESTIMONIA
652 225 787 276 hauteur

143 344 225 412 grata
236 337 412 409 superveniet
424 352 496 406 quae
507 352 562 391 non
574 336 730 408 sperabitur
740 337 816 390 hora.

144 426 189 462 me
201 408 249 479 pin
289 423 333 461 em
344 412 373 460 et
383 406 502 461 nitidum
512 406 584 460 benc
597 409 692 459 curata
704 410 766 458 cute
778 406 859 475 vises,

144 494 206 531 cum
217 477 242 530 ri
262 491 309 530 ere
319 475 404 544 voles,
415 474 530 546 Epicuri
542 475 577 528 de
589 490 676 546 grege
687 489 808 545 porcum.

75 577 325 636 OvidiusAmor.
338 576 412 633 1119

144 681 293 736 Memnona
304 679 328 734 si
339 686 437 750 mater,
448 683 537 734 mater
548 678 666 750 ploravit
677 678 815 734 Achillem

179 755 207 804 ct
218 754 337 821 tangunt
348 765 464 820 magnas
475 747 567 802 tristia
577 748 638 801 fata
649 748 726 816 deas,

144 818 246 873 flebilis
258 818 395 889 indignos,
408 816 525 888 elegeia,
538 816 612 871 solve
625 816 752 886 capillos:

179 903 197 940 a
206 886 287 940 nimis
301 903 334 940 ex
345 901 409 941 vero
421 902 494 940 nunc
504 885 558 939 tibi
568 901 667 938 nomen
680 885 741 938 crit.

143 953 191 1009 ille
202 954 245 1009 tui
256 954 444 1025 vatesoperis,
456 960 505 1008 tua
516 953 599 1020 fama,
613 954 751 1022 Tibullus,

178 1024 259 1077 ardet
268 1023 298 1077 in
310 1027 455 1091 exstructo,
469 1039 566 1092 corpus
577 1022 668 1092 inane,
681 1039 756 1093 rogo.

145 1108 209 1147 ecce
241 1109 291 1147 uer
302 1091 419 1147 Veneris
431 1090 486 1145 fert
497 1108 674 1162 eversamque
685 1092 844 1161 pharetram

179 1167 207 1215 et
245 1165 322 1215 actos
334 1175 414 1213 arcus
426 1165 455 1214 et
466 1159 525 1214 sine
537 1160 598 1213 luce
610 1161 709 1213 facem.

143 1229 247 1299 aspice,
260 1228 387 1283 demissis
398 1233 430 1282 ut
442 1235 487 1283 eat
498 1227 662 1283 miserabilis
674 1228 726 1282 alis

178 1303 347 1368 pectoraque
359 1297 462 1350 infesta
472 1297 571 1350 tundat
582 1302 680 1367 aperta
691 1313 782 1351 manu.

144 1366 285 1436 excipiunt
296 1365 423 1420 lacrimas
435 1365 524 1436 sparsi
535 1382 586 1435 per
597 1366 669 1419 colla
680 1365 783 1435 capilli,

95 1449 98 1454 ·
179 1451 282 1504 oraque
294 1434 416 1505 singultu
428 1433 600 1488 concutiente
613 1439 718 1487 sonant.

144 1502 239 1557 fratris
250 1503 280 1556 in
291 1503 405 1557 Aeneae
417 1502 456 1556 sic
468 1502 546 1555 illum
558 1501 654 1555 funere
668 1502 763 1556 dicunt

179 1588 321 1642 egressum
331 1571 422 1638 tectis,
433 1571 549 1640 pulcher
560 1570 629 1638 Iule,
641 1570 703 1624 tuis.

143 1656 196 1694 nec
207 1641 296 1693 minus
309 1644 352 1694 est
363 1638 477 1694 confusa
489 1640 583 1693 Venus
594 1638 727 1691 moriente
740 1637 861 1707 Tibullo,

180 1723 263 1777 quam
275 1708 368 1762 iuveni
378 1726 412 1762 ru
432 1708 528 1761 iteum
540 1706 615 1760 ferus
626 1706 730 1776 inguen
741 1722 817 1776 aper.

144 1783 175 1831 at
186 1778 257 1831 sacri
269 1782 346 1831 vates
359 1782 387 1831 et
428 1794 492 1830 vum
504 1793 569 1830 cura
580 1792 721 1829 vocamur:

178 1851 242 1899 sunt
254 1845 337 1900 etiam
348 1845 398 1915 qui
408 1863 457 1900 nos
469 1861 569 1899 numen
581 1844 684 1898 hebere
696 1848 803 1914 putent.

145 1914 252 1968 scilicet
264 1932 344 1968 omne
356 1931 464 1968 sacrum
475 1931 548 1968 mors
558 1914 715 1982 importuna
727 1911 865 1983 profanat,

178 1983 303 2036 omnibus
315 1983 445 2037 obscuras
456 1982 536 2036 inicit
544 1982 593 2035 illa
604 1998 710 2034 manus.

119 2076 120 2080 ¹
144 2052 210 2121 quid
222 2057 302 2120 pater
313 2051 436 2120 Ismario,
449 2051 515 2121 quid
527 2055 616 2104 mator
627 2049 739 2120 profuit,
752 2047 883 2120 Orpheo?

179 2119 298 2172 carmine
311 2120 378 2189 quid
389 2121 476 2174 victas
488 2119 653 2189 obstipuisse
665 2118 758 2172 feras?

144 2186 263 2239 Aelinon
274 2187 303 2241 in
315 2187 389 2240 silvis
401 2188 475 2242 idern
487 2193 576 2258 pater,
589 2187 708 2241 Aelinon
720 2187 783 2240 altis

179 2254 280 2307 dicitur
291 2254 378 2309 invita
390 2257 560 2310 concinuisse
571 2257 641 2326 lyra.

143 2322 224 2377 adice
236 2322 410 2391 Maeoniden,
423 2340 441 2376 a
452 2339 505 2405 quo
518 2341 570 2378 ceu
581 2325 657 2378 fonte
669 2324 784 2395 perenni

177 2395 270 2444 vatum
281 2390 382 2444 Pieriis
394 2407 442 2445 ora
453 2397 578 2472 rrgantur
589 2392 682 2462 aquis:

142 2458 217 2513 hunc
229 2475 337 2529 quoque
349 2477 454 2513 summa
466 2461 526 2513 dres
537 2461 617 2531 nigro
629 2460 776 2514 submersit
787 2460 910 2514 Averno:

178 2526 327 2598 diffugiunt
338 2527 433 2581 aridos
446 2529 567 2583 carmina
578 2530 636 2583 sola
647 2545 736 2599 rogos.

144 2596 225 2650 durat
237 2612 306 2666 opus
317 2601 420 2664 vatum,
433 2597 548 2651 Troiani
560 2597 634 2652 fama
645 2597 748 2651 laboris

176 2666 311 2733 tardaque
323 2671 454 2719 nocturno
466 2667 523 2720 tela
534 2673 640 2720 retexta
652 2667 728 2720 dolo:

119 2760 127 2805 5
142 2732 182 2788 sic
193 2732 320 2788 Nemesis
332 2734 453 2804 longum,
465 2734 506 2788 sic
517 2734 601 2788 Delia
612 2751 710 2789 nomen
721 2733 873 2804 habebunt,

112 2857 116 2863 ,
176 2802 264 2855 altera
275 2819 341 2856 cura
352 2819 456 2871 recens,
469 2803 556 2856 altera
567 2803 669 2873 primus
682 2819 766 2857 amor.

110 2885 113 2893 ¹
141 2869 208 2940 quid
220 2886 268 2923 vos
280 2886 359 2924 sacra
369 2870 482 2924 iuvant?
493 2871 559 2941 quid
571 2889 643 2926 nune
654 2873 697 2925 Ae
756 2871 797 2925 tia
807 2876 923 2941 prosunt

175 2937 275 2991 sistra?
287 2938 354 3007 quid
365 2938 395 2991 in
406 2955 492 2993 vacuo
504 2940 661 2994 secubuisse
672 2889 756 2994 aiii

142 3021 204 3059 cum
216 3006 328 3086 rapiunt
338 3007 412 3060 mala
423 3007 483 3062 fata
495 3008 588 3077 bonos,
601 3040 635 3048 -
646 3009 782 3080 ignoscite
794 3008 869 3061 fasso
880 3037 914 3046 —

176 3074 307 3127 sollicitor
317 3074 406 3128 nullos
418 3092 478 3130 esse
490 3082 588 3146 putare
600 3077 674 3131 deos.

140 3141 202 3196 vive
214 3141 289 3211 pius:
301 3144 417 3198 moriere
428 3145 499 3213 pius.
525 3146 582 3199 cole
595 3162 685 3199 sacra:
699 3147 834 3200 colentem

174 3225 247 3263 mors
259 3212 351 3280 gravis
363 3229 380 3265 a
391 3213 501 3282 templis
512 3214 542 3266 in
554 3230 621 3268 cava
632 3214 714 3268 busta
724 3216 824 3268 trahet.

140 3278 306 3334 carndnibus
319 3279 426 3334 confide
438 3282 529 3335 bonis:
541 3281 615 3336 iacet
626 3299 689 3336 ecce
702 3282 842 3336 Tibullus:

174 3347 220 3400 vix
231 3352 324 3400 manet
335 3363 351 3400 e
362 3353 429 3414 toto,
441 3365 527 3418 parva
538 3351 611 3420 quod
622 3367 692 3403 urna
704 3351 786 3418 capit.

140 3419 213 3483 tene,
226 3431 304 3468 sacer
314 3421 400 3484 vates,
413 3417 539 3471 flammae
551 3435 667 3488 rapuere
679 3419 789 3488 rogales

174 3482 332 3553 pectoribus
344 3485 421 3553 pasci
432 3502 485 3539 nec
495 3485 611 3540 timuere
623 3485 698 3540 tuis?

140 3567 224 3605 aurea
236 3557 390 3606 sanctorum
402 3553 555 3622 potuissent
565 3555 669 3624 templa
681 3555 793 3609 deorum

173 3636 261 3688 urere,
293 3636 345 3672 uae
357 3626 465 3674 tantum
476 3623 627 3676 sustinuere
640 3623 725 3676 nefas.

140 3689 240 3743 avertit
251 3636 351 3757 vriitus,
363 3689 462 3770 Erycis
473 3704 544 3758 quae
555 3691 678 3761 possidet
689 3709 779 3746 arces:

173 3762 237 3810 sunt
248 3773 366 3828 quoque,
380 3775 428 3826 qur
439 3757 565 3813 lacrimas
577 3761 743 3814 continuisse
755 3779 789 3814 ne
811 3767 866 3816 ant.

139 3827 189 3907 sed
199 3831 292 3880 tamen
303 3827 356 3909 hoc
367 3826 473 3895 melius,
486 3844 568 3909 quam
580 3829 604 3882 si
614 3829 756 3884 Phaeacia
767 3779 849 3885 teilus

138 3896 681 4035 silinitliliinilpiigiilishiiis
692 3968 793 4022 0001102

172 4036 261 4088 mator
272 4033 340 4088 etin
352 4033 458 4091 cineres
468 4034 567 4091 ultima
578 3985 649 4091 dona
661 4036 737 4092 tulit:
