2566 4448
471 149 655 195 TESTIMONIA
668 149 802 200 ANTIQUA

160 278 216 320 non
228 263 282 318 fuit
292 264 346 319 hoe
356 263 399 317 illi
410 262 510 333 fraudi,
522 263 679 333 legiturque
691 261 819 315 Tibullus

197 339 226 388 et
237 335 337 403 placet,
351 337 379 387 et
390 333 446 386 iam
457 337 485 385 te
494 331 621 413 principe
634 335 713 384 notus
726 335 792 384 erat.

160 402 285 457 invenies
298 402 395 456 eadem
407 401 503 455 blaudi
514 405 665 471 praecepta
675 397 816 469 Properti:

198 471 345 525 destrictus
357 469 469 523 minima
480 485 532 525 nec
543 474 636 523 tamen
648 468 695 522 ille
707 472 774 522 nota
785 469 834 522 est.
850 473 852 477 ‘

162 539 207 592 his
218 555 271 610 ego
283 539 404 593 successi
414 569 450 579 -

128 639 457 710 Idem'lrist.1vlo‚51

163 726 318 798 Vergilium
328 726 387 780 vidi
397 730 514 794 tantum,
527 741 580 779 nee
591 739 685 778 amara
696 722 810 777 Tibullo

197 800 304 866 tempus
316 795 454 849 amicitiae
467 794 527 848 fata
539 794 638 848 dedere
650 809 737 846 meae.

164 880 304 918 successor
314 864 368 917 fuit
379 864 425 918 hie
435 863 498 931 tibi,
511 861 602 931 Galle,
616 861 777 932 Propertius
788 859 842 916 illi:

197 938 309 1002 quartus
322 933 358 987 ab
371 932 415 986 his
426 931 497 985 serie
508 930 641 1001 temporis
651 931 712 1002 ipse
725 930 775 984 ini.

128 1032 208 1090 Idem
220 1035 305 1088 Trist.
319 1035 346 1090 V
358 1035 383 1102 1,
397 1033 430 1088 15

165 1121 279 1176 delicias
292 1120 316 1173 si
329 1120 391 1190 quis
403 1119 560 1189 lascivaque
574 1118 695 1172 carmina
706 1117 824 1186 quaerit,

197 1204 372 1259 praemoneo,
384 1204 532 1257 numquam
545 1187 648 1257 scripta
659 1187 733 1257 quod
744 1187 799 1240 ista
809 1186 894 1256 legat.

163 1257 254 1328 aptior
266 1257 330 1311 huic
342 1255 440 1311 Gallus
452 1256 547 1310 blandi
567 1272 602 1308 ue
614 1256 775 1325 Propertius
786 1254 850 1323 oris,

139 1341 147 1393 ,ν
198 1326 297 1396 aptior,
309 1273 691 1407 ingQiqmeo-rneffi'ibullus
703 1323 777 1377 erit1

164 1399 248 1464 atque
260 1394 365 1447 utinam
376 1409 488 1447 numero
500 1408 550 1446 nos
561 1409 616 1445 non
629 1408 749 1446 essemus
761 1392 790 1445 in
801 1392 867 1445 istol

199 1463 226 1517 ei
237 1462 313 1531 mihi,
326 1478 374 1516 cur
385 1477 514 1532 umquam
527 1461 607 1514 Musa
619 1461 709 1515 iocata
720 1476 783 1514 mea
795 1460 855 1513 est?

130 1573 283 1631 Velleius
298 1573 499 1626 Paterculus
510 1573 539 1626 Π
551 1573 594 1641 36,
608 1572 625 1626 3
637 1587 725 1642 paene
738 1570 821 1625 stulta
834 1575 875 1624 est
887 1567 1086 1624 inhaerentium
1098 1564 1186 1646 oeulis

97 1642 271 1723 ingeniorum
289 1643 466 1721 enumeratio,
486 1640 645 1721 intequuae
662 1639 778 1693 maxime
794 1639 880 1692 nostri
897 1637 958 1692 aevi
976 1636 1095 1717 eminent
1111 1650 1184 1715 prin·

98 1702 1186 1848 ⁰⁹ltttl⁰¹llllstttl¹ltitlllll⁸tltssttttltitS-tlltttllil

40 1827 44 1832 ¹
97 1779 200 1919 digna
213 1795 366 1915 admiratio,
378 1818 419 1900 iti
431 1862 546 1900 censura
557 1845 680 1899 difficilis
692 1850 743 1900 est.
790 1794 809 1848 p
925 1814 932 1828 ι
1068 1854 1071 1860 ·

131 1957 363 2022 Quintilianus
387 1958 455 2011 Inst.
477 1973 515 2011 or.
534 1957 562 2010 X
579 1958 605 2022 1,
623 1957 657 2010 93
675 1956 768 2027 elegia
784 1970 893 2026 quoque
915 1953 1038 2009 Graecos
1050 1966 1185 2074 provoca·

96 2044 167 2096 mus,
184 2027 261 2108 euius
272 2027 340 2080 mihi
356 2031 446 2107 tersus
461 2032 544 2108 atque
562 2026 675 2106 elegans
689 2025 806 2079 maxime
821 2025 931 2105 videtur
937 2029 1038 2104 ‘aucto-r
1077 2019 1186 2099 ibullps.

97 2101 162 2148 sunt
181 2109 229 2164 qur
244 2095 419 2165 Propertium
438 2095 543 2148 mahnt
578 2094 694 2148 Ovrdrus
713 2099 830 2163 utroque
849 2093 985 2162 lascivior,
1007 2095 1078 2145 srcut
1093 2090 1188 2142 durior

98 2161 203 2219 Gallus.
271 2185 275 2194 ·

134 2264 266 2320 Statius
280 2263 345 2320 silv.
358 2266 373 2319 I
384 2267 410 2334 2,
421 2266 473 2320 250

439 2333 488 2386 sed
500 2333 649 2403 praecipue
661 2333 709 2402 qui
721 2332 813 2386 nobile
825 2347 922 2405 gressu

168 2405 289 2457 extremo
300 2401 436 2456 fraudatis
448 2418 525 2471 opus,
539 2402 602 2454 date
615 2403 736 2454 carmina
748 2401 827 2455 festis

168 2470 197 2524 di
237 2487 254 2523 a
265 2469 342 2525 toris.
366 2471 440 2523 hunc
451 2470 511 2539 ipse
524 2467 581 2522 Coo
592 2470 740 2539 plaudente
752 2469 877 2523 Philetas

167 2536 207 2593 Ga
218 2539 406 2609 limaehusque
418 2554 502 2592 senex
512 2537 672 2605 Umbroque
684 2537 849 2607 Propertius
861 2540 940 2591 antro

166 2608 317 2662 ambissent
328 2607 442 2661 laudare
455 2607 537 2675 diem,
549 2623 601 2660 nec
612 2605 698 2659 tristis
709 2606 739 2659 in
751 2605 819 2674 ipsis

166 2676 243 2732 Naso
257 2675 353 2730 Tomis
366 2676 496 2744 divesque
509 2674 571 2729 foco
582 2675 691 2730 lucente
703 2673 841 2729 Tibullus.

133 2777 305 2833 Martialis
316 2778 359 2833 IV
369 2779 387 2832 6

167 2861 252 2918 (iredi
261 2862 369 2934 virgine
381 2862 481 2916 castior
492 2862 595 2943 pudiea

167 2936 197 2986 et
207 2931 305 2985 stantis
316 2938 428 2986 tenerae
440 2948 518 3000 cuprs
529 2931 626 3000 videri,

168 3016 231 3054 cum
243 3001 280 3054 sis
291 2999 450 3082 improbior,
464 2998 632 3080 Malisiana·
695 3065 703 3080 ·

169 3066 705 3193 tmtsltttlttitttttilffl

134 3236 213 3292 Idem
224 3238 295 3293 VIII
307 3238 342 3293 70

170 3321 280 3386 Quanta
292 3322 369 3442 ‹fflies
380 3323 494 3394 placidi,
505 3327 584 3379 tanta
596 3328 639 3378 est
649 3322 780 3377 facundia
791 3322 909 3393 Nervae,

206 3391 299 3471 sedeo
321 3392 378 3445 'bet
388 3393 460 3445 vires
471 3392 667 3463 ingeniumque
678 3392 774 3460 pudor.

168 3474 231 3514 cum
242 3474 345 3512 siccare
358 3476 465 3514 sacram
476 3460 554 3529 largo
566 3460 742 3514 Permessida
752 3465 847 3531 posset

168 3528 634 3650 stltattttlttmllttl
646 3527 729 3597 sitim,

204 3668 357 3732 contentus,
370 3613 602 3719 lamacennelerdare
614 3613 762 3720 {gigogrianevs

171 3733 220 3787 sed
231 3737 325 3786 tamen
335 3733 410 3787 hunc
420 3733 506 3786 nostri
518 3733 570 3786 scit
580 3735 711 3805 temporis
725 3751 784 3788 esse
798 3735 949 3805 Tibullum,

208 3800 330 3855 earmina
342 3801 390 3870 qui
403 3800 476 3856 docti
488 3807 554 3855 nota
564 3803 681 3857 Neronis
693 3803 785 3859 habet.

153 3978 166 4018 1
179 3975 214 4021 ot
223 3977 291 4020 Tanis
298 3977 327 4018 (le
336 3977 405 4019 Trist.
415 3975 456 4019 Ov.
467 3986 546 4018 reeens
554 3987 576 4028 p·
585 3977 618 4020 44.
