2566 4448
641 439 687 503 H.

127 640 129 644 y
151 557 217 637 Qui
234 557 354 642 primus
373 580 480 623 caram
496 559 604 624 iuveni
622 580 794 640 carumque
811 559 936 644 puellae

195 652 310 736 eripuit
327 653 486 730 iuvenem,
504 654 625 718 ferreus
643 652 696 717 ille
714 652 783 716 fuit.

150 746 247 810 durus
266 757 297 811 et
314 747 367 811 ille
385 747 455 824 fuit,
474 747 529 830 qui
546 757 669 812 tantum
687 747 770 811 ferre
788 745 938 825 dolorem,

191 839 298 905 vivere
317 852 348 905 et
367 852 475 926 erepta
493 841 628 926 coniuge
646 840 702 923 qui
719 839 831 925 potuit.

114 948 213 1002 bnon
230 957 290 1020 ego
308 935 416 999 firmus
434 936 467 999 iu
485 934 555 1011 hoc,
573 956 638 998 non
654 933 734 999 haec
751 933 904 1019 patientia
921 944 1026 999 nostro

191 1027 333 1114 ingenio:
352 1029 471 1114 frangit
488 1029 581 1093 fortia
598 1028 694 1093 corda
711 1028 814 1092 dolor:

149 1144 208 1187 nec
227 1123 305 1186 mihi
323 1146 399 1189 vera
415 1122 504 1206 loqui
521 1123 624 1208 pudor
642 1134 689 1187 est
707 1122 854 1205 vitaeque
871 1120 963 1186 fateri

192 1227 239 1280 tot
256 1217 341 1281 mala
357 1238 526 1302 perpessae
543 1217 649 1282 taedia
665 1227 741 1282 nata
757 1239 857 1282 meae.

148 1332 224 1395 ergo
243 1332 315 1375 cum
334 1321 462 1376 tenuem
479 1310 569 1376 fuero
586 1321 727 1375 mutatus
744 1311 779 1375 in
795 1310 942 1374 umbram

97 1407 131 1462 10
192 1404 390 1489 candidaque
407 1427 479 1470 ossa
497 1427 592 1490 super
609 1405 701 1491 nigra
718 1404 828 1470 favilla
845 1415 941 1490 teget,

149 1507 222 1562 ante
239 1520 347 1562 meum
364 1499 472 1564 veniat
488 1499 601 1584 longos
619 1499 780 1584 incompta
798 1498 929 1583 capillos

191 1603 223 1656 et
239 1593 314 1658 fleat
331 1603 406 1658 ante
423 1616 531 1658 meum
548 1603 670 1658 maesta
686 1593 812 1659 Neaera
829 1615 954 1679 rogum.

148 1687 206 1750 sed
223 1686 330 1752 veniat
348 1710 440 1752 carae
457 1687 566 1752 matris
585 1688 733 1753 comitata
751 1686 872 1752 dolore:

190 1791 330 1846 maereat
347 1780 427 1847 haec
445 1804 572 1868 genero,
591 1792 731 1847 maereat
747 1781 802 1846 illa
819 1781 897 1844 viro.

96 1887 130 1943 15
146 1875 308 1959 praefatae
326 1887 400 1940 ante
416 1899 505 1941 meos
522 1898 632 1941 manes
650 1876 850 1958 animamque
868 1884 1014 1959 precatae

190 1970 403 2054 perfusaeque
419 1971 488 2055 pias
507 1981 580 2034 ante
596 1969 720 2052 liquore
737 1991 861 2045 manus,

148 2085 223 2148 pars
241 2085 324 2147 quae
343 2063 410 2129 sola
427 2063 490 2129 mei
507 2062 670 2148 superabit
687 2062 837 2147 corporis,
857 2084 929 2126 ossa

190 2157 347 2222 incinctae
365 2156 457 2242 nigra
474 2157 610 2222 candida
626 2167 713 2222 veste
730 2157 848 2242 legent,

148 2262 179 2316 et
196 2252 334 2337 primum
351 2273 470 2316 annoso
488 2261 638 2336 spargent
656 2251 788 2316 collecta
804 2249 928 2335 Lyaeo,

97 2357 132 2412 20
191 2369 265 2410 mox
284 2346 380 2410 ctiam
397 2346 490 2410 niveo
507 2345 642 2410 fundere
659 2345 740 2410 lacte
757 2356 878 2430 parent,

147 2452 219 2525 post
236 2439 316 2506 haec
334 2440 492 2505 carbaseis
514 2462 656 2505 umorem
675 2440 784 2505 tollere
802 2440 880 2504 velis

191 2544 286 2618 atque
303 2534 336 2598 in
354 2556 531 2599 marmorea
547 2555 665 2619 ponere
684 2535 767 2599 sicca
784 2533 888 2598 domo.

148 2628 211 2694 illic
230 2650 309 2711 quas
327 2628 423 2692 mittit
440 2629 528 2693 dives
544 2627 709 2693 Panchaia
726 2650 847 2692 merces

192 2722 304 2804 eoique
321 2722 457 2799 Arabes,
470 2725 598 2807 pinquis
616 2731 647 2786 et
664 2721 808 2806 Assyria,
837 2771 840 2777 .

97 2828 132 2882 25
149 2825 180 2880 et
197 2816 296 2880 nostri
314 2838 469 2880 memores
486 2815 635 2880 lacrimae
652 2815 826 2880 fundantur
843 2815 968 2880 eodem:

192 2909 237 2974 sic
255 2931 315 2995 ego
334 2909 481 2994 componi
499 2931 610 2974 versus
627 2910 662 2974 in
678 2930 751 2974 ossa
767 2908 871 2975 velim

150 3003 206 3067 sed
223 3004 344 3068 tristem
361 3002 471 3067 mortis
490 3003 683 3068 demonstret
698 3004 803 3068 littera
820 3024 949 3068 causam

192 3108 287 3180 atque
304 3097 383 3163 haec
400 3099 434 3162 in
451 3097 568 3162 celebri
586 3097 726 3162 carmina
743 3099 845 3163 fronte
862 3108 964 3162 notet:

150 3191 354 3276 ‘Lygdamus
371 3191 423 3257 hic
441 3191 517 3256 situs
536 3202 597 3257 est:
616 3192 706 3256 dolor
723 3192 797 3256 huic
815 3202 846 3257 et
864 3214 940 3258 eura
956 3193 1108 3269 Neaerae,

97 3297 132 3351 30
192 3286 336 3372 coniugis
354 3296 490 3373 ereptae,
509 3308 604 3351 causa
621 3286 723 3381 perire
739 3286 820 3353 fuit?

624 3639 687 3704 III.

150 3754 238 3835 Quid
255 3755 384 3841 prodest
402 3756 526 3822 caelum
544 3758 625 3823 votis
642 3759 800 3845 implesse,
817 3760 950 3837 Neaera,

189 3851 370 3934 blandaque
388 3872 460 3915 oum
478 3851 577 3915 multa
594 3862 666 3917 tura
684 3853 808 3919 dedisse
825 3875 929 3938 prece,

146 3965 210 4007 non
227 3955 263 4007 ut
280 3945 448 4010 marmorei
465 3945 624 4030 prodirem
642 3969 659 4011 e
677 3947 785 4013 limine
802 3947 888 4023 tecti,

180 4036 320 4121 insignis
338 4039 424 4105 clara
442 4039 695 4127 conspicuusque
714 4041 818 4119 domo,
