2566 4448
557 146 632 210 ·1a

98 274 185 363 ipsae
202 274 297 343 mella
315 276 433 342 dabant
450 298 594 361 quercus,
612 278 758 361 ultroque
774 276 920 342 ferebant

141 371 235 436 obvia
253 371 370 437 securis
388 371 487 436 ubera
504 372 593 437 lactis
613 393 698 437 oves.

98 488 162 530 non
179 466 272 543 acies,
291 488 355 530 non
371 465 419 531 ira
436 466 506 542 fuit,
524 489 588 531 non
606 466 699 541 bella,
718 488 777 531 nec
796 488 902 530 ensem

140 560 252 624 immiti
270 583 384 625 saevus
402 561 535 625 duxerat
553 571 620 624 arte
637 560 736 625 faber.

98 677 183 718 nunc
200 653 277 719 Iove
294 654 355 718 sub
372 654 500 719 domino
519 655 630 719 caedes
648 667 679 719 et
696 654 828 719 vulnera
845 674 979 738 semper,

141 770 226 813 nunc
244 771 340 826 marc,
357 771 442 813 nunc
459 748 514 814 leti
532 749 618 813 mille
629 761 761 836 repente
771 748 849 812 viae.

98 864 202 927 parce,
220 853 317 927 pater.
351 842 496 908 timidum
513 865 577 907 non
594 865 645 907 me
662 842 799 927 periuria
816 852 943 918 terrent,

140 958 204 1000 non
222 936 305 1001 dicta
320 936 353 1000 in
371 948 496 1002 sanctos
513 937 612 1022 impia
628 936 725 1002 verba
743 937 829 1001 deos.

99 1030 228 1113 quodsi
245 1030 357 1095 fatales
374 1030 438 1094 iam
455 1053 540 1095 nunc
557 1031 752 1116 explevimus
771 1051 880 1104 annos,

139 1123 191 1190 fac
207 1125 287 1211 lapis
305 1124 461 1210 inscriptis
480 1135 541 1190 stet
557 1147 653 1210 super
670 1147 743 1189 ossa
757 1124 855 1188 notis:

98 1218 163 1283 ‘hic
179 1219 262 1284 iacet
278 1219 391 1283 immiti
409 1230 731 1304 consumptusmorte
749 1217 906 1293 Tibullus,

138 1311 324 1377 Messallam
341 1327 424 1377 terra
442 1313 518 1376 dum
535 1313 739 1396 sequiturque
756 1311 854 1375 mari!

97 1405 154 1471 sed
169 1429 231 1482 me,
249 1407 336 1490 quod
352 1406 454 1470 facilis
472 1417 579 1471 tenero
598 1429 668 1471 sum
687 1428 811 1490 semper
829 1403 952 1480 Amori,

61 1578 86 1594 θ
138 1500 208 1585 ipsa
225 1501 336 1567 Venus
354 1523 482 1585 campos
500 1501 595 1565 ducet
611 1501 645 1564 in
662 1499 798 1585 Elysios.

97 1594 148 1658 hic
166 1594 298 1659 choreae
316 1606 490 1678 cantusque
507 1595 625 1680 vigent,
644 1594 824 1680 passimque
842 1603 994 1678 vagantes

140 1687 232 1754 dulce
248 1699 362 1753 sonant
378 1688 466 1754 tenui
484 1698 611 1774 gutture
629 1711 756 1753 carmen
774 1711 862 1753 aves:

96 1782 158 1847 fert
175 1782 292 1847 casiam
309 1805 373 1847 non
390 1784 475 1848 culta
492 1806 593 1870 seges,
612 1794 758 1866 totosque
776 1805 833 1868 per
850 1803 944 1868 agros

138 1877 229 1942 floret
245 1877 382 1943 odoratis
400 1888 484 1942 terra
501 1877 641 1962 benigna
657 1876 751 1942 rosis:

96 1994 133 2037 ac
150 1972 301 2037 iuvenum
318 1971 414 2037 series
432 1971 547 2036 teneris
563 1971 708 2036 immixta
725 1971 838 2057 puellis

137 2065 227 2140 ludit,
245 2076 277 2131 et
294 2065 424 2130 adsidue
442 2065 561 2151 proelia
576 2066 688 2132 misem
704 2067 816 2130 Amor.

95 2159 233 2235 illiceat,
252 2157 440 2243 cuicumque
457 2183 557 2246 rapax
573 2183 659 2226 mors
677 2159 763 2225 venit
781 2159 909 2236 amanti,

139 2263 170 2317 et
187 2253 268 2338 gerit
284 2253 400 2337 insigni
418 2265 540 2338 myrtea
558 2265 641 2320 serta
659 2276 759 2319 coma.

96 2356 129 2411 at
146 2348 298 2412 scelerata
314 2347 396 2413 iacet
415 2347 505 2412 sedes
522 2347 556 2411 in
572 2359 665 2413 nocte
683 2348 842 2433 profunda

139 2441 255 2518 abdita,
275 2463 370 2524 quam
389 2440 507 2506 circum
524 2441 655 2506 flumina
671 2442 764 2528 nigra
781 2452 908 2506 sonant:

96 2535 331 2620 Tisiphoneque
348 2535 476 2620 impexa
493 2534 577 2600 feros
595 2557 653 2620 pro
671 2536 809 2600 crinibus
828 2559 947 2620 angues

138 2629 247 2707 saevit,
267 2641 298 2694 et
314 2628 378 2694 huc
393 2629 469 2695 illuc
486 2629 584 2715 impia
601 2630 695 2695 turba
712 2629 808 2715 fugit:

96 2735 171 2788 tunc
188 2725 279 2810 niger
295 2724 328 2788 in
346 2734 437 2809 porta
454 2735 636 2809 serpentum
655 2722 815 2790 Cerberus
834 2746 888 2789 ore

138 2818 247 2883 stridet
265 2829 297 2883 et
314 2829 435 2883 aeratas
454 2818 590 2884 excubat
607 2829 680 2885 ante
697 2818 791 2884 fores.

96 2911 159 2976 illic
176 2913 331 2976 Iunonem
348 2921 501 2997 temptare
518 2904 641 2979 Ixionis¹
656 2914 724 2978 ausi

139 3015 303 3070 versantur
320 3006 414 3071 celeri
430 3005 526 3070 noxia
543 3008 685 3073 membra
702 3018 784 3072 rota:

96 3110 320 3183 porrectusque
337 3122 452 3166 novem
469 3099 580 3185 Tityos
598 3123 656 3186 per
676 3101 787 3186 iugera
803 3113 904 3165 terrae

139 3192 286 3257 adsiduas
303 3205 370 3258 atro
388 3195 508 3261 viscere
524 3197 624 3280 pascit
641 3218 727 3261 aves.

96 3285 249 3350 Tantalus
268 3288 405 3366 estillic,
424 3299 456 3354 ct
473 3289 592 3354 circum
610 3301 736 3374 stagna:
755 3289 812 3353 sed
829 3311 933 3353 acrem

137 3381 201 3444 iam
218 3381 281 3444 iam
298 3382 402 3466 poturi
420 3382 535 3448 deserit
553 3384 639 3448 unda
657 3383 756 3447 sitim:

96 3488 127 3541 et
144 3475 251 3539 Danai
268 3476 381 3560 proles,
400 3477 534 3543 Veneris
554 3477 640 3561 quod
656 3477 786 3541 numina
803 3477 904 3555 laesit,

138 3570 171 3634 iu
189 3592 268 3635 cava
285 3569 444 3645 Lethaeas
464 3571 547 3635 dolia
564 3582 668 3656 portat
685 3593 793 3656 aquas.

95 3664 160 3728 illic
178 3664 228 3742 sit,
246 3664 436 3749 quicumque
454 3687 541 3730 meos
558 3665 687 3750 violavit
704 3689 836 3744 amores,

139 3758 259 3844 optavit
275 3758 376 3823 lentas
395 3771 426 3823 et
443 3759 521 3822 mihi
537 3759 672 3824 militias.
757 3822 773 3831 ,,

98 3862 129 3915 at
147 3862 181 3915 tu
199 3863 286 3917 casta
303 3874 413 3938 precor
430 3875 568 3928 maneas,
587 3853 748 3936 sanctique
766 3855 895 3938 pudoris

141 3945 281 4012 adsideat
299 3960 403 4013 custos
421 3947 531 4013 sedula
548 3970 672 4034 semper
689 3971 777 4014 anus.

1092 135 1113 202 9

1131 281 1167 337 45
