2566 4448
113 368 262 459 ‘impiger
279 371 402 451 Aenea,
420 372 579 439 volitantis
596 374 695 439 frater
711 372 852 452 Amoris,

155 468 270 533 Troica
287 468 343 551 qui
359 467 503 554 profugis
521 490 611 534 sacra
629 467 718 533 vehis
736 469 868 545 ratibus,

111 559 176 624 iam
193 561 251 626 tibi
269 561 446 627 Laurentes
465 562 611 648 adsignat
629 562 774 648 Iuppiter
791 583 895 650 agros,

155 654 218 719 iam
236 666 329 720 vocat
346 666 486 721 errantes
504 656 631 742 hospita
648 668 733 721 terra
750 657 843 723 lares.

112 746 177 813 illic
194 760 320 814 sanctus
340 749 411 827 eris,
429 771 502 815 cum
519 758 551 815 te
568 751 750 815 veneranda
766 750 895 816 Numici

155 842 242 907 unda
260 843 354 908 deum
373 844 460 909 caelo
479 844 599 908 miserit
615 844 799 930 indigetem.

113 957 187 1001 ecce
204 959 300 1023 super
315 937 416 1002 fessus
434 937 545 1002 volitat
561 938 705 1005 Victoria
721 956 857 1024 puppes,

155 1031 283 1096 tandem
300 1031 342 1096 ad
359 1031 515 1096 Troianos
533 1031 608 1096 diva
625 1033 763 1118 superba
780 1033 875 1098 venit.

114 1145 187 1188 ecce
203 1125 281 1189 mihi
298 1126 407 1190 lucent
423 1125 551 1190 Rutulis
569 1125 717 1191 incendia
734 1128 858 1192 castris:

155 1217 218 1281 iam
237 1218 295 1282 tibi
312 1218 472 1304 praedico,
490 1218 627 1285 barbare
644 1220 765 1297 Turne,
782 1243 902 1286 necem.

112 1323 185 1376 ante
203 1313 311 1377 oculos
328 1311 476 1377 Laurens
494 1322 632 1378 castrum
649 1335 823 1397 murusque
840 1313 958 1379 Lavini
976 1323 1024 1379 est
1131 1298 1136 1307 ³

155 1405 306 1489 Albaque
324 1405 366 1470 ab
383 1405 524 1471 Ascanio
543 1407 670 1471 condita
686 1407 783 1492 longa
801 1408 891 1473 duce.

94 1493 116 1569 ‚f
112 1509 144 1563 te
162 1521 288 1582 quoque
305 1498 370 1563 iarn
388 1499 491 1577 video,
509 1499 610 1566 Marti
626 1501 782 1586 placitura
799 1503 947 1568 sacerdos

155 1592 226 1669 Ilia,
243 1593 390 1675 Vestales
409 1593 586 1659 deseruisse
603 1595 702 1670 focos,

113 1686 363 1770 concubitusque
379 1699 451 1752 tuos
470 1688 581 1752 furtim
599 1688 758 1774 vittasque
774 1688 913 1756 iacentes

118 1812 125 1847 i
154 1791 185 1845 et
203 1780 310 1866 cupidi
328 1781 369 1846 ad
385 1780 472 1866 ripas
490 1805 580 1848 arma
596 1782 706 1847 relicta
724 1782 785 1848 dei.

112 1874 231 1960 carpite
247 1897 343 1952 nunc,
360 1875 452 1952 tauri,
471 1877 510 1941 de
528 1887 651 1962 septem
668 1877 829 1942 montibus
847 1876 972 1967 herbas,

155 1969 232 2033 dum
248 1969 337 2036 licet:
356 1969 409 2035 hic
426 1992 562 2057 magnae
580 1971 643 2036 iam
660 1971 750 2037 locus
768 1971 856 2036 urbis
874 1972 942 2038 erit.

113 2062 227 2140 Roma,
245 2075 337 2128 tuum
353 2086 470 2129 nomen
488 2065 578 2130 terris
595 2065 693 2130 fatale
710 2066 869 2152 regendis,

156 2177 220 2239 qua
237 2179 294 2222 sua
312 2158 351 2222 de
369 2159 457 2223 caelo
474 2158 626 2244 prospicit
644 2182 720 2224 arva
738 2158 849 2237 Ceres,

113 2271 239 2334 quaque
256 2260 366 2336 patent
383 2263 471 2317 ortus
488 2263 520 2317 et
536 2273 601 2336 qua
617 2253 814 2318 fluitantibus
832 2254 925 2319 undis

158 2343 242 2410 Solis
261 2345 445 2411 anhelantes
463 2345 564 2412 abluit
581 2347 682 2410 amnis
701 2364 809 2430 equos.

112 2439 210 2504 Troia
227 2440 357 2523 quidem
374 2450 451 2506 tunc
468 2462 502 2506 se
519 2440 686 2505 mirabitur
702 2451 734 2504 et
752 2440 812 2505 sibi
830 2441 913 2507 dicet

154 2557 210 2601 vos
228 2534 311 2600 bene
328 2546 394 2600 tam
410 2535 508 2621 longa
526 2535 723 2600 consuluisse
739 2536 801 2600 via.

112 2653 188 2696 vera
206 2651 300 2695 cano:
319 2630 483 2713 sinusque
502 2652 606 2695 sacras
625 2629 753 2695 innoxia
770 2630 879 2695 laurus

155 2746 276 2801 vescar,
295 2733 327 2789 et
344 2734 507 2789 aeternum
526 2724 565 2788 sit
582 2723 659 2787 mihi
677 2723 863 2808 virginitas?

113 2815 191 2881 haec
209 2817 321 2883 cecinit
339 2827 428 2882 vates
447 2826 527 2882 etto
545 2817 615 2895 sibi,
632 2816 775 2895 Phoebe,
794 2818 928 2896 vocavit,

156 2910 284 2976 iactavit
300 2911 389 2978 fusas
408 2923 440 2978 et
457 2923 554 2998 caput
571 2923 644 2978 ante
662 2933 779 2978 comas.

113 3002 267 3087 quidquid
284 3004 466 3082 Amalthea,
484 3005 641 3090 quidquid
657 3005 821 3091 Marpesia
838 3005 917 3069 dixit
968 3021 970 3026 ·

155 3096 341 3182 Herophile‚
359 3100 459 3185 Phyto
481 3097 578 3165 Graia
595 3100 683 3184 quod
700 3100 873 3175 admonuit,

113 3213 256 3276 quasque
273 3191 401 3257 Aniena
419 3214 524 3258 sacras
542 3193 660 3259 Tiburs
677 3216 735 3279 per
750 3194 883 3258 flumina
900 3201 1000 3258 sortes

155 3285 287 3371 portarit
305 3286 388 3351 sicco
405 3287 632 3372 pertuleritque
650 3287 721 3353 sinu
737 3325 781 3337 -

113 3381 173 3445 hae
191 3380 259 3444 fore
282 3379 429 3446 dixerunt
445 3381 522 3446 belli
538 3381 624 3446 mala
640 3382 732 3466 signa
750 3391 903 3458 cometen,

155 3474 274 3539 multus
292 3486 327 3539 ut
344 3473 378 3538 in
395 3485 493 3540 terras
512 3474 738 3561 deplueretque
756 3474 851 3558 lapis:

113 3579 208 3653 atque
225 3568 319 3633 tubas
337 3580 432 3652 atque
450 3592 538 3633 arma
555 3569 661 3634 ferunt
679 3568 875 3654 strepitantia
893 3569 980 3636 caclo

156 3662 264 3726 audita
281 3673 313 3728 et
330 3663 418 3727 lucos
435 3662 649 3748 praecinuisse
666 3663 791 3750 fugam:

113 3754 216 3840 ipsum
234 3757 329 3823 etiam
345 3756 456 3823 vSolem
474 3757 634 3823 defectum
651 3757 770 3822 lumine
789 3757 867 3822 vidit

155 3848 287 3936 iungere
303 3851 456 3937 pallentes
474 3852 602 3917 nubilus
617 3875 721 3918 annus
740 3872 838 3935 equos

114 3953 146 4009 et
163 3941 330 4010 simulacra
348 3946 443 4012 deum
460 3946 606 4013 lacrimas
623 3946 744 4012 fudisse
761 3955 908 4031 tepentes

155 4036 285 4121 fataque
302 4041 427 4108 vocales
444 4040 692 4131 praemonuisse
701 4041 826 4107 boses.

158 4137 262 4188 sacrm.
