2566 4448
167 225 209 292 48
584 243 777 314 1117an

29 342 33 347 โด
100 368 309 449 lttsnamque
326 388 423 432 senex
440 367 555 452 longae
571 367 696 454 peragit
713 367 791 431 dum
809 381 944 455 tempora
960 373 1048 450 vitoe,

168 474 298 523 centurn
315 459 468 525 fecundos
486 461 582 527 Titan
599 461 798 527 renovaverit
816 485 926 540 annos,

136 614 139 618 ,
166 553 237 638 ipse
255 564 361 618 tamen
379 556 473 620 velox
491 555 628 621 celerem
645 578 741 641 super
758 556 853 622 edere
870 579 986 643 corpus

101 659 152 715 115
169 647 266 711 audet
283 669 401 731 equum
419 649 596 733 validisque
613 650 702 715 sedet
720 650 900 717 moderator
916 652 1059 719 habenis.

168 752 200 806 te
218 741 299 806 duce
316 764 381 808 non
398 743 477 809 alias
494 766 667 809 conversus
685 755 776 830 terga
793 744 938 811 domator

167 835 268 900 libera
286 835 451 902 Romanae
468 839 603 905 subiecit
620 837 701 903 oolla
718 848 858 904 catenae.

208 951 269 995 nee
286 941 392 997 tamen
409 932 458 997 his
477 943 642 997 contentus
661 933 737 998 eris:
756 934 877 999 maiora
893 936 1029 1019 peractis

165 1023 293 1100 instant,
312 1037 510 1111 compertum
528 1036 576 1090 est
593 1027 760 1092 veracibus
777 1038 814 1092 ut
830 1028 909 1093 mihi
927 1029 1037 1114 signis,

98 1128 150 1183 120
167 1119 238 1201 quis
256 1120 492 1204 Amythaonius
509 1131 648 1204 nequeat
667 1132 787 1187 certare
805 1121 999 1208 Melampus.

164 1236 239 1276 nam
257 1213 351 1277 modo
369 1214 545 1299 fulgentem
561 1215 661 1300 Tyrio
680 1216 881 1301 subtegmine
898 1228 1020 1283 vestem

165 1307 313 1372 indueras
331 1307 451 1375 oriente
470 1307 521 1374 die
540 1309 622 1374 duce
639 1309 752 1375 fertilis
770 1311 854 1387 anni,

165 1401 359 1487 splendidior
376 1401 506 1485 liquidis
524 1424 597 1467 oum
616 1403 673 1469 Sol
691 1414 787 1489 eaput
805 1405 918 1470 extulit
934 1404 1027 1470 undis

166 1506 198 1560 et
215 1495 284 1560 fera
302 1494 464 1561 discordes
482 1507 653 1562 tenuerunt
670 1496 798 1562 flamina
815 1499 912 1575 venti,

96 1599 148 1654 125
165 1611 263 1654 curva
284 1611 343 1655 nec
361 1591 511 1656 adsuetos
529 1601 663 1677 egerunt
681 1591 812 1657 fiumina
830 1615 951 1670 cursus,

164 1686 242 1768 quin
259 1685 406 1770 rapidum
423 1686 557 1771 placidis
576 1686 671 1751 etiam
689 1709 776 1751 mare
794 1687 933 1751 constitit
950 1687 1054 1763 undis,

163 1780 230 1844 ulla
246 1802 305 1844 neo
324 1780 425 1845 aerias
443 1780 580 1845 volucris
597 1780 772 1865 perlabitur
789 1802 882 1844 auras

162 1897 222 1940 nec
241 1875 422 1960 quadrupes
441 1875 555 1939 densas
574 1873 755 1959 depascitur
773 1895 886 1958 aspera
904 1873 1009 1948 silvas,

164 1970 241 2053 quin
258 1970 373 2055 largita
391 1967 453 2032 tuis
471 1978 546 2032 sunt
563 1979 670 2031 cuneta
687 1967 811 2030 silentia
828 1966 919 2030 votis.

98 2077 149 2130 130
166 2063 311 2148 Iuppiter
328 2063 397 2146 ipse
413 2060 477 2125 levi
494 2069 605 2125 rectus
623 2082 681 2144 per
697 2059 804 2124 inania
821 2081 917 2124 curru

164 2156 267 2222 adfuit
284 2166 316 2220 et
334 2155 422 2220 caelo
440 2153 581 2220 vicinum
598 2153 690 2236 liquit
709 2150 887 2239 Olympum

163 2253 347 2332 intentaque
364 2247 427 2313 tuis
445 2247 593 2333 precibus
611 2270 645 2312 se
662 2248 810 2333 praebuit
828 2270 904 2313 aure

164 2355 341 2428 cunctaque
359 2343 465 2409 veraci
483 2343 587 2428 capite
605 2342 729 2407 adnuit:
748 2341 874 2407 additus
892 2341 955 2407 aris

164 2440 275 2507 laetior
293 2439 392 2504 eluxit
409 2448 545 2503 structos
564 2459 660 2522 super
677 2436 760 2522 ignis
778 2459 919 2502 acervos.

97 2546 148 2602 135
208 2534 286 2618 quin
303 2534 449 2598 hortante
467 2532 527 2597 deo
544 2530 670 2617 magnis
687 2530 831 2596 insistere
848 2531 946 2595 rebus

164 2628 282 2714 incipe:
300 2649 365 2692 non
382 2626 467 2691 idem
488 2625 546 2689 tibi
563 2628 626 2690 sint
643 2624 776 2706 aliisque
793 2623 953 2709 triumphi.

164 2744 229 2786 non
251 2733 282 2787 te
300 2721 404 2785 vicino
421 2719 632 2784 remorabitur
650 2717 744 2782 obvia
761 2717 869 2782 Marte

167 2815 273 2882 Gallia
291 2836 350 2880 nec
366 2813 438 2878 latis
456 2813 562 2878 audax
579 2811 738 2897 Hispania
755 2811 846 2876 terris

165 2931 224 2976 nec
242 2909 310 2973 fera
327 2907 474 2972 Theraeo
492 2907 585 2971 tellus
602 2906 733 2970 obsessa
750 2906 873 2980 colone,

11 2998 14 3003 ยน
97 3016 149 3071 140
164 3027 224 3069 nec
242 3026 307 3086 qua
322 3003 374 3067 vel
391 3000 484 3067 Nilus
503 3002 554 3065 vel
571 3000 661 3085 regia
677 2998 809 3084 lympha
827 2995 992 3082 Choaspes

164 3097 292 3185 profluit
309 3106 364 3161 aut
381 3095 521 3180 rapidus,
540 3091 620 3179 Cyri
637 3093 805 3170 dementia,
825 3090 957 3176 Gyndes

165 3205 229 3257 oret
246 3191 412 3257 Arectaeis
431 3191 515 3254 baud
530 3212 594 3253 uno
605 3210 665 3273 por
682 3190 761 3252 ostio
778 3186 908 3271 eampis,

165 3308 224 3350 neo
241 3307 305 3368 qua
322 3306 422 3371 regna
439 3304 522 3368 vago
540 3281 688 3366 Tamyris
705 3281 808 3345 finivit
824 3281 945 3355 Araxe,

165 3379 263 3465 impia
281 3401 340 3444 neo
359 3377 462 3444 saevis
480 3377 644 3442 celebrans
663 3375 809 3440 convivia
826 3374 944 3439 mensis

97 3484 148 3540 145
165 3474 277 3540 ultima
294 3473 417 3537 vicinus
434 3471 567 3536 Phoebo
585 3480 672 3536 tenet
689 3492 767 3534 arva
782 3467 946 3547 Padaeus,

164 3590 292 3653 quaque
309 3567 439 3632 Hebrus
458 3566 641 3648 Tanaisque
660 3562 760 3629 Getas
777 3563 861 3649 rigat
878 3572 973 3646 atque
990 3563 1161 3648 Magynos.

166 3663 243 3747 quid
261 3660 385 3726 moror?
421 3657 571 3724 Oceanus
589 3669 687 3745 ponto
705 3679 770 3740 qua
788 3657 928 3722 eontinet
944 3657 1064 3732 orbem,

163 3758 251 3822 nulla
268 3755 326 3820 tibi
344 3754 483 3820 adversis
501 3753 590 3838 regio
608 3774 677 3818 sese
695 3751 808 3816 offeret
825 3751 931 3815 armis.

164 3862 195 3916 te
213 3860 320 3915 manet
337 3848 473 3913 invictus
490 3847 636 3913 Romano
653 3846 761 3910 Marte
778 3844 952 3909 Britannus

96 3952 147 4007 150
164 3956 257 4028 teque
275 3943 439 4010 interiecto
458 3941 568 4007 mundi
586 3964 660 4028 pars
678 3941 776 4006 altera
794 3938 870 4003 sole.

154 4063 234 4102 nam
254 4039 449 4107 circumfuso
467 4037 611 4107 consistit
627 4037 661 4104 in
679 4057 752 4103 aere
769 4033 862 4101 tellus
