2566 4448
473 173 476 177 ’
556 156 649 213 lau

96 283 149 350 ille
166 284 239 349 licet
257 280 395 349 Cilicum
410 279 511 346 victas
529 290 605 365 agat
622 289 695 345 ante
713 287 865 356 catervas,

139 387 237 464 ponat
254 388 285 443 et
302 377 335 442 in
354 386 446 463 capto
463 374 584 439 Martia
601 384 704 439 castra
721 374 798 450 solo,

96 483 181 537 totus
199 484 231 537 et
248 482 379 558 argento
397 479 573 545 contextus,
591 478 675 533 totus
693 479 725 533 et
742 488 829 544 auro,

139 566 275 631 insideat
292 564 386 632 celeri
403 562 642 649 conspiciendus
660 583 756 646 equo:

97 659 166 744 ipse
183 659 281 724 boves
299 682 370 724 mea
387 658 414 722 si
430 669 537 723 tecum
554 657 648 721 modo
667 656 764 739 Delia
775 654 898 741 'possim

140 753 271 837 iungere
290 753 372 818 etin
390 751 480 817 solito
498 773 627 836 pascere
644 760 751 814 monte
769 770 877 834 pecus,

101 857 133 912 et
150 857 181 911 te
199 846 275 911 dum
292 846 386 912 liceat
403 846 519 912 teneris
536 845 671 910 retinere
688 843 822 920 lacertis,

141 940 244 1005 mollis
262 950 294 1004 et
310 940 429 1004 inculta
447 940 487 1004 sit
503 938 581 1002 mihi
599 960 727 1003 somnus
744 938 851 1002 humo.

22 1030 26 1041 “
99 1034 176 1117 quid
193 1033 290 1118 Tyrio
307 1034 459 1099 recubare
477 1045 545 1097 toro
563 1032 631 1097 sine
649 1054 755 1097 amore
773 1030 911 1097 secundo

141 1128 279 1212 prodest,
298 1149 371 1192 cum
388 1128 464 1192 fletu
482 1148 546 1190 nox
562 1125 723 1211 vigilanda
740 1125 844 1192 venit?

98 1243 293 1305 nam-neque
311 1231 387 1285 tunc
404 1220 531 1304 plumae
548 1241 607 1284 uec
624 1219 765 1304 stra-gula
781 1219 867 1304 picta
884 1239 1027 1303 soporem

140 1336 199 1379 nec
217 1314 336 1379 sonitus
353 1313 496 1399 placidae
514 1313 629 1377 ducere
646 1323 753 1397 posset
771 1334 881 1395 aquae.

97 1431 174 1474 num
192 1409 326 1475 Veneris
344 1430 479 1492 magnae
496 1407 612 1471 violavi
629 1407 760 1472 numina
776 1406 885 1482 verbo,

141 1514 172 1568 et
190 1525 261 1567 mea
278 1524 363 1566 nunc
380 1523 498 1587 poenas
517 1500 615 1585 impia
631 1501 742 1586 lingua
758 1500 836 1564 luit?

99 1599 175 1659 nu'm
193 1596 277 1661 feror
294 1597 433 1660 incestus
451 1595 541 1659 sedes
560 1594 673 1658 adiisse
693 1594 824 1658 deorum

108 1686 113 1695 “
141 1700 288 1774 sertaque
307 1690 346 1754 de
363 1689 480 1753 sanctis
498 1688 671 1772 deripuisse
688 1687 786 1751 focis?

98 1804 162 1849 non
180 1805 250 1869 ego,
269 1783 295 1848 si
312 1782 423 1860 merui,
442 1782 584 1847 dubitem
601 1780 809 1866 procumbere
826 1780 951 1865 templis

141 1890 173 1943 et
190 1879 265 1942 dare
283 1877 413 1942 sacratis
431 1876 540 1941 oscula
556 1875 726 1952 liminibus,

98 1994 162 2036 non
180 1994 239 2057 ego
258 1971 402 2036 tellurem
418 1970 553 2056 genibus
571 1991 739 2055 perrepere
757 1968 891 2054 supplex

142 2077 173 2130 et
190 2066 340 2129 miserum
358 2078 467 2128 sancto
485 2063 619 2129 tundere
636 2074 726 2148 poste
744 2075 849 2148 caput.

101 2168 134 2223 at
151 2169 196 2235 tu,
214 2159 270 2241 qui
286 2160 388 2222 laetus
405 2158 488 2225 rides
505 2157 590 2221 mala
606 2167 724 2233 nostra,
743 2167 853 2222 caveto

141 2272 217 2315 mox
234 2250 305 2314 tibi:
324 2273 388 2314 non
404 2254 438 2314 in
454 2273 500 2316 me
518 2251 637 2317 saeviet
653 2273 755 2334 usque
773 2249 861 2316 deus.

100 2344 165 2410 vidi
183 2366 254 2429 ego,
272 2343 327 2427 qui
345 2343 495 2409 iuvenum
512 2344 643 2408 miseros
660 2345 786 2409 lusisset
803 2365 937 2420 amores,

142 2449 214 2524 post
230 2437 365 2504 Veneris
383 2437 495 2502 vinclis
513 2437 648 2503 subdere
667 2437 748 2502 colla
764 2459 872 2502 senem

100 2543 132 2599 et
149 2532 209 2597 sibi
227 2531 395 2595 blanditias
413 2532 548 2595 tremula
565 2552 754 2616 componere
771 2553 849 2596 voce

142 2637 174 2692 et
190 2625 337 2690 manibus
356 2646 451 2689 canas
468 2625 588 2710 lingere
605 2625 687 2690 velle
704 2646 825 2690 comas:

100 2731 182 2785 stare
199 2741 258 2784 nec
276 2728 349 2783 ante
366 2718 451 2784 fores
468 2718 582 2804 puduit
599 2718 730 2785 caraeve
747 2718 872 2805 puellae

143 2814 288 2879 ancillam
306 2812 411 2877 medio
429 2812 601 2878 detinuisse
618 2813 698 2877 foro.

100 2907 184 2972 hunc
201 2930 289 2992 puer,
308 2906 393 2971 hunc
410 2906 532 2971 iuvenis
550 2907 644 2971 turba
662 2906 852 2972 circumterit
869 2917 947 2984 arta,

143 3001 268 3085 despuit
284 3001 317 3064 in
335 2999 446 3065 molles
465 3010 497 3065 et
514 3000 574 3065 sibi
591 3002 725 3085 quisquc
744 3001 840 3087 sinus.

101 3105 134 3159 at
151 3095 228 3157 milri
244 3116 350 3181 parce,
369 3094 495 3160 Venus:
514 3117 639 3180 semper
656 3095 713 3159 tibi
732 3095 839 3159 dedita
861 3094 956 3160 servit

143 3210 233 3253 mens
249 3211 334 3255 mea:
352 3188 430 3272 quid
447 3211 566 3255 messes
584 3189 649 3253 uris
668 3189 782 3254 acerba
800 3189 889 3253 tuas?

574 3529 638 3594 III.

100 3657 192 3722 Ibitis
212 3659 358 3743 Aegaeas
376 3657 443 3722 sine
462 3680 523 3735 me,
541 3656 703 3734 Messalla,
720 3679 778 3743 per
794 3658 905 3736 undas,

143 3774 162 3815 o
179 3751 300 3815 utinam
318 3773 472 3816 memores
489 3751 557 3836 ipse
575 3752 749 3835 cohorsque
767 3753 841 3818 mei:

101 3866 152 3909 me
169 3856 255 3910 tenet
271 3844 388 3930 ignotis
407 3867 538 3928 aegrum
554 3845 714 3911 Phaeacia
732 3846 835 3910 terris:

145 3938 302 4006 abstineas
320 3938 430 4004 avidas
448 3960 532 4003 mors
549 3939 644 4004 modo
662 3939 753 4026 nigra
770 3963 891 4006 manus.
