2566 4448
169 241 212 308 52
539 255 621 312 1119.
635 257 669 312 10
686 257 738 324 (lv
748 257 774 311 3.
786 256 813 325 4)

134 383 153 438 5
212 380 268 444 sed
285 379 395 466 procul
413 378 541 443 abducit
558 378 694 443 venandi
710 377 807 443 Delia
824 400 914 445 cura:

254 496 273 537 o
290 483 421 558 pereant
438 473 536 538 silvae
554 473 764 556 deficiantque
781 472 891 538 canesl

132 560 134 564 ⁷
211 567 283 651 quis
300 568 388 632 furor
405 580 462 645 est,
480 588 562 651 quae
580 589 679 644 mens,
699 566 812 631 densos
829 565 978 652 indagine
997 567 1092 634 colles

254 661 453 726 claudentem
470 673 595 726 teneras
612 660 736 726 laedere
753 660 835 726 velle
852 662 984 726 manus?

210 754 327 837 quidve
344 754 431 818 iuvat
449 753 557 818 furtim
573 755 710 820 latebras
727 755 844 819 intrare
861 753 1000 818 ferarum

117 861 153 915 10
254 848 451 932 candidaque
467 848 603 913 hamatis
622 870 714 913 crura
730 860 839 913 notare
856 848 964 913 rubis?

212 942 268 1006 sed
286 953 403 1019 tamen,
425 953 462 1007 ut
478 953 584 1007 tecum
602 941 705 1018 liceat,
725 939 887 1017 Cerinthe
904 942 1026 1028 vagari,

253 1036 323 1121 ipsa
341 1058 400 1122 ego
417 1059 475 1122 per
491 1049 613 1100 montes
631 1035 710 1100 retia
727 1046 810 1100 torta
827 1035 936 1112 feram,

107 1122 110 1129 ’
210 1129 280 1215 ipsa
298 1152 357 1215 ego
375 1129 493 1194 velocis
510 1150 660 1211 quaeram
677 1128 811 1214 vestigia
828 1128 912 1194 cervi

253 1235 284 1288 et
302 1223 427 1287 demam
445 1222 538 1288 celeri
555 1222 658 1288 ferrea
674 1223 779 1288 vincla
797 1222 875 1286 cani

117 1329 151 1384 15
210 1327 285 1381 tuno
302 1316 390 1393 mihi,
407 1327 483 1380 tuno
500 1317 647 1401 placeant
664 1317 774 1392 silvae,
792 1316 829 1393 si,
846 1317 903 1380 lux
920 1338 1002 1393 mea,
1020 1325 1125 1381 tecum

253 1433 368 1494 arguar
385 1420 458 1475 ante
474 1410 560 1494 ipsas
578 1410 785 1476 concubuisse
803 1410 929 1495 plagas:

209 1512 284 1567 t'uno
302 1503 407 1568 veniat
424 1503 498 1569 licet
515 1504 556 1568 ad
575 1525 689 1580 casses,
707 1504 845 1569 inlaesus
863 1502 973 1580 abibit,

252 1621 292 1661 ne
310 1597 444 1663 Veneris
462 1597 596 1682 cupidae
613 1597 731 1683 gaudia
747 1597 863 1675 turbet,
882 1620 967 1683 aper.

208 1714 294 1755 nunc
312 1691 378 1755 sine
396 1713 447 1757 me
465 1691 505 1756 sit
521 1692 609 1756 nulla
626 1692 748 1768 Venus,
766 1691 822 1757 sed
838 1691 911 1777 lege
927 1690 1065 1770 Dianae,

115 1799 151 1853 20
253 1795 339 1850 caste
355 1807 444 1869 puer,
463 1796 550 1850 casta
566 1785 646 1850 retia
662 1796 758 1871 tange
775 1808 886 1849 manu:

210 1889 242 1943 et
258 1900 478 1962 quaecumque
495 1901 566 1943 meo
583 1878 693 1943 furtim
710 1878 851 1962 subrepit
869 1876 978 1954 amori,

250 1972 370 2036 incidat
386 1972 420 2036 in
437 1994 548 2037 saevas
567 1971 742 2057 diripienda
759 1971 852 2035 feras.

209 2076 242 2129 at
259 2076 294 2129 tu
312 2065 449 2129 venandi
466 2064 607 2129 studium
625 2064 762 2129 concede
780 2064 913 2149 parenti,

253 2173 285 2224 et
302 2160 385 2224 celer
402 2158 436 2224 in
452 2169 577 2224 nostros
594 2158 662 2244 ipse
679 2181 805 2224 recurre
823 2158 921 2225 sinus.

95 2525 165 2583 1v4
648 2506 695 2572 X

207 2628 283 2693 Huc
300 2627 375 2692 ades
393 2639 425 2693 et
441 2638 569 2693 tenerae
584 2627 712 2692 morbos
730 2626 852 2711 expelle
869 2628 1004 2712 puellae,

250 2721 314 2786 huc
332 2721 419 2797 ades,
437 2721 563 2786 intonsa
578 2719 711 2787 Phoebe
728 2721 863 2805 superbe
882 2742 982 2786 coma.

207 2815 299 2881 erede
316 2815 404 2891 mihi,
420 2836 569 2898 propera:
587 2836 647 2880 nec
664 2828 696 2881 te
712 2815 787 2891 iam,
803 2815 946 2892 Phoebe,
964 2814 1085 2901 pigebit

249 2909 405 2974 formosae
422 2908 562 2974 medicas
580 2908 770 2994 applicuisse
787 2932 910 2975 manus.

130 3021 149 3076 5
208 3003 300 3069 effice
317 3025 358 3069 ne
374 3002 492 3068 macies
509 3002 663 3088 pallentes
680 3015 812 3088 occupet
830 3014 927 3080 artus,

248 3120 311 3164 neu
328 3107 416 3162 notet
432 3096 575 3162 informis
594 3100 726 3162 candida
742 3097 885 3161 membra
903 3096 998 3174 color,

206 3203 239 3258 et
255 3192 479 3276 quodcumque
497 3191 572 3254 mali
589 3201 636 3256 est
653 3202 685 3256 et
703 3190 856 3274 quidquid
873 3191 961 3257 triste
978 3193 1134 3273 timemus,

249 3285 282 3349 in
299 3287 433 3371 pelagus
449 3284 567 3369 rapidis
585 3283 698 3349 evehat
715 3284 816 3349 amnis
834 3284 935 3368 aquis.

207 3389 325 3456 sancte,
343 3379 426 3456 veni,
444 3389 612 3461 tecumque
628 3377 722 3455 feras,
740 3378 931 3462 quicumque
949 3400 1088 3464 sapores,

113 3490 148 3546 10
249 3473 439 3556 quicumque
458 3483 489 3537 et
507 3483 617 3537 cantus
635 3494 766 3557 corpora
782 3471 866 3538 fessa
882 3474 1002 3537 levant:

206 3591 270 3634 neu
286 3567 433 3632 iuvenem
449 3577 572 3650 torque,
589 3567 701 3632 metuit
719 3566 774 3650 qui
791 3566 857 3631 fata
874 3568 999 3651 puellae

250 3672 388 3744 votaque
405 3682 463 3745 pro
481 3659 607 3724 domina
624 3660 678 3724 vix
694 3660 891 3725 numeranda
908 3661 993 3726 facit.

206 3755 364 3821 interdum
381 3764 485 3831 vovet,
502 3753 672 3831 interdum,
689 3755 776 3837 quod
793 3756 942 3840 langueat
959 3755 1023 3830 illa,

251 3849 327 3915 dicit
345 3850 377 3913 in
396 3859 539 3914 aeternos
557 3869 670 3932 aspera
686 3848 785 3913 verba
802 3848 888 3912 deos.

113 3960 148 4018 15
207 3965 291 4029 pone
308 3954 438 4019 metum,
457 3939 622 4006 Cerinthe:
641 3941 719 4006 deus
736 3963 800 4007 non
817 3941 913 4005 laedit
931 3951 1082 4006 amantes.

244 4048 282 4101 tu
297 4037 395 4103 modo
411 4058 538 4124 semper
552 4057 640 4129 pma:
658 4036 745 4128 salva
762 4035 868 4122 puello„
885 4032 942 4098 tibi
960 4048 1016 4100 est.
