2566 4448
98 196 136 243 vi
555 204 725 249 PRAEFATIO

96 313 228 367 lectiones
249 311 411 384 fragmenti,
432 328 504 383 quae
521 315 632 385 quidem
653 319 681 369 et
696 314 845 386 fragmenti
860 314 1002 371 (luiaciani
1018 315 1185 371 mentionem

96 382 287 436 memorabiles
297 382 323 436 ei
331 382 407 437 visae
418 384 632 452 sunt,transtulit
651 383 705 438 feci
721 401 776 438 non
793 385 880 438 solum
894 385 944 439 ubi
960 385 1028 439 mihi
1040 385 1089 438 sed
1101 385 1185 438 etiam

96 451 126 503 in
142 451 283 520 exemplar
299 450 427 504 editionis
439 452 631 506 Plautinianae
651 452 699 505 ubi
716 452 779 506 aliis
794 469 860 507 vera
874 459 1016 534 praestare
1032 453 1092 506 visa
1112 458 1183 510 sunt.

97 521 132 581 (a.
147 519 223 584 1569)
240 520 314 586 quod
330 519 447 573 nuncin
463 520 631 575 bibliotheca
650 521 801 575 Praeterea
821 528 990 576 comecturas
1005 525 1070 603 post
1086 520 1184 574 editio·

96 586 229 640 Leidensi
244 588 317 640 inter
332 587 417 641 libros
431 588 467 642 Li
488 589 578 643 sianos
594 593 630 656 (n.
651 604 713 642 uem
721 589 903 659 Lachmanni,
914 590 961 660 qui
970 608 1073 661 primus
1084 589 1184 643 certius

96 655 139 723 59)
152 655 249 709 haberi
261 656 453 709 animadvertit
461 606 630 712 Aranekenr.
650 657 815 711 recensionis
843 659 1051 712 fundamentum
1081 657 1183 728 posuit,

95 722 138 776 Ex
161 724 214 777 hoc
237 725 387 793 exemplari
410 743 515 779 summa
539 741 631 779 eorum
651 727 771 795 prolatas
792 728 910 797 apposui
930 743 1115 798 quascumque
1136 741 1183 779 no·

96 791 145 873 qui
156 792 342 846 bibliothecae
354 794 485 847 Leidensi
501 801 632 865 praesunt
650 795 690 861 vi,
703 794 824 864 exceptis
838 801 932 849 tamen
942 795 1082 866 plerisque
1093 795 1183 848 Bach-

95 860 263 915 lrberalitate
276 878 301 915 a.
315 863 381 915 1873
393 863 462 915 mihi
472 863 631 916 transmisso
650 862 734 915 rensii
751 864 927 917 coniecturist
949 879 1004 916 non
1020 879 1075 931 quo
1090 862 1183 916 multis

97 927 232 999 Scaligeri
264 930 455 984 adnotationes
489 931 629 1000 descripsi.
651 947 744 984 earum
768 948 836 1001 quas
860 931 941 986 attuli
963 932 1183 986 Baehrensianas

95 996 209 1050 Maximi
224 998 355 1051 momenti
372 1016 431 1053 esse
448 1004 476 1053 et
492 1005 630 1070 excerpto·
650 999 732 1070 longe
752 1004 893 1070 praestare
915 1017 1027 1072 negem,
1048 1001 1097 1054 sed
1118 999 1184 1069 quia

95 1082 156 1118 rum
182 1065 399 1137 Frisingensium
427 1073 455 1121 et
481 1067 631 1138 fragmenti
649 1068 702 1120 hae
723 1067 805 1122 facile
827 1085 859 1122 ex
879 1068 1042 1123 Baehrensii
1063 1068 1183 1122 editione

96 1132 239 1187 Ouiaciaui
262 1135 411 1205 scripturas
439 1136 511 1190 inter
538 1153 631 1190 omnes
649 1136 708 1204 peti
723 1142 845 1205 possunt,
863 1143 970 1191 ceterae
985 1137 1015 1191 in
1032 1154 1047 1192 e
1067 1136 1183 1190 hemeri-

95 1208 211 1256 constat.
248 1202 376 1257 Ceterum
392 1204 416 1256 si
433 1205 494 1273 quis
511 1205 629 1275 suspice·
650 1204 730 1257 dibus
743 1205 879 1274 variisque
891 1207 1030 1275 opusculis
1042 1156 1183 1275 dispersae

93 1275 147 1340 tur,
169 1270 291 1325 codicem
308 1271 330 1323 i*
348 1272 500 1326 derivatum
521 1290 580 1327 esse
598 1290 630 1326 ex
650 1278 720 1325 sunt.
756 1274 949 1342 Antiquiorum
967 1274 1183 1328 coniecturarum

95 1355 129 1393 eo
149 1338 233 1407 libro,
254 1355 308 1409 quo
328 1345 425 1393 auctor
444 1347 630 1412 excerptorum
649 1339 756 1393 institui
777 1342 921 1396 delectum.
963 1341 1078 1396 Codices
1099 1341 1183 1394 inter-

93 1406 312 1478 Frisingensium
320 1425 386 1462 usus
395 1413 445 1478 est,
457 1409 526 1464 haec
538 1410 630 1480 opinio
649 1409 756 1477 pclatos
768 1411 929 1479 plerumque
939 1410 1101 1481 compendio
1111 1432 1125 1467 ς
1134 1425 1182 1462 no-

94 1475 181 1530 firmis
202 1477 371 1556 argumentis
394 1494 484 1547 neque
508 1495 629 1548 compro·
649 1477 714 1530 tavi.
748 1478 989 1533 Peculiaritamen
1001 1484 1066 1532 uota
1078 1476 1182 1548 signifi-

95 1544 157 1599 bari
168 1552 356 1615 possitneque
368 1546 499 1617 redargui
505 1547 536 1602 1⁰.
650 1545 710 1599 cavi
727 1546 830 1600 codicis
842 1546 1056 1618 Guelferbytani
1071 1563 1183 1600 manum

127 1613 162 1666 In
174 1614 332 1667 edomanda
344 1615 397 1668 hac
409 1616 528 1668 editione
539 1615 570 1669 id
582 1632 629 1686 po·
668 1614 765 1668 rimam
785 1619 815 1686 (g
835 1641 868 1660 =
890 1614 917 1669 G
938 1617 1013 1686 apud
1032 1615 1144 1682 Baehr.)
1165 1631 1183 1668 a

94 1680 229 1734 tissimum
245 1682 299 1753 egi,
315 1687 347 1736 ut
362 1699 380 1737 a
395 1684 497 1737 tradita
513 1684 629 1738 lectione
648 1632 816 1736 fiaehrcnsio
824 1685 919 1754 magni
927 1685 1109 1751 aestimatam,
1115 1700 1182 1753 pau·

95 1749 269 1804 coniecturae
288 1750 471 1805 recentiorum
489 1753 630 1806 hominum
649 1751 743 1831 eisque
758 1751 825 1804 locis
840 1752 1001 1806 nominatim
1021 1768 1181 1807 commemo·

94 1818 241 1887 perspicue
256 1818 496 1889 distinguerentur.
531 1822 629 1891 Itaque
648 1835 707 1872 ravr
719 1818 803 1872 etiam
812 1820 1180 1891 Eboracensem(y=Aap.

95 1886 243 1955 scripturas
266 1886 397 1940 librorum
419 1889 475 1942 AV
498 1894 553 1957 aut,
582 1889 630 1942 ubi
648 1886 773 1953 Lachm.)
803 1892 830 1941 et
858 1888 1023 1943 Wittianum
1046 1894 1081 1957 (c)
1109 1904 1182 1943 nunc

94 1960 205 2023 praesto
217 1960 288 2023 sunt,
304 1955 383 2008 PMF
395 1955 429 2009 iis
445 1961 552 2010 tantum
563 1956 630 2011 locis
649 1955 807 2024 deperditos
840 1957 962 2025 duosque
991 1958 1182 2012 Berolinenses

93 2022 207 2092 mutavi,
224 2040 292 2092 quos
309 2024 471 2093 depravatos
488 2041 547 2078 esse
569 2042 629 2095 per·
649 2024 676 2088 (d
690 2029 724 2091 e),
741 2038 810 2091 quos
827 2025 935 2078 codices
951 2026 1078 2079 adhibuit
1091 2026 1181 2079 Lach-

94 2108 204 2145 suasum
227 2091 330 2144 habeo:
359 2093 512 2161 complures
538 2099 629 2147 autem
649 2093 798 2145 mannusl‘i'
833 2094 936 2147 Cavete
954 2095 1027 2148 enim
1042 2095 1125 2161 volui,
1146 2110 1181 2147 ue

94 2161 309 2228 emendationes,
330 2175 399 2227 quas
419 2178 548 2232 magnam
568 2180 628 2232 pro·
649 2160 802 2229 generatim
818 2161 854 2213 ad
869 2162 1001 2216 Italorum
1010 2163 1181 2217 coniecturas

94 2227 267 2282 habilitatem
275 2228 379 2282 habere
388 2228 498 2284 minime
508 2247 589 2300 negc,
600 2231 629 2283 in
649 2228 732 2281 etiam
749 2245 782 2282 ea
798 2229 974 2299 resen-entur,
995 2248 1066 2301 quae
1083 2247 1100 2283 a
1115 2229 1180 2282 viris

94 2296 271 2350 adnotatione
283 2296 406 2350 indicare
418 2314 501 2366 quam
516 2299 546 2351 in
557 2299 628 2351 ordi·
649 2297 736 2350 doctis
767 2297 796 2350 in
831 2299 1007 2353 aestimandis
1040 2299 1180 2352 codicibus

94 2380 157 2417 nem
169 2366 315 2418 verborum
326 2364 449 2434 recipcre
458 2366 550 2421 malui.
569 2367 628 2420 Mu-
649 2365 815 2419 Tibulliauis
839 2382 856 2420 a
884 2385 927 2422 me
956 2367 1180 2421 dissentientibus

93 2432 212 2486 tationes
229 2434 291 2503 plus
308 2433 431 2487 minusve
451 2435 574 2489 incertae
588 2436 627 2489 in·
648 2434 778 2503 antiquae
806 2437 954 2490 memoriae
986 2436 1178 2489 attribuuntur.

94 2501 203 2555 clinatis
214 2501 313 2556 litteris
326 2502 497 2572 significatae
510 2510 580 2557 sunt.
648 2501 764 2573 Georgii
774 2502 883 2557 Goeizii
894 2504 1064 2557 humanitate
1076 2504 1181 2567 factum

128 2569 162 2623 In
185 2570 361 2624 adnotatione
386 2571 482 2625 critica
509 2573 628 2627 indicem
649 2570 1181 2642 est,utcollati0necodicisgaliustavo

94 2654 188 2691 eorum
205 2639 324 2692 locorum
357 2641 468 2710 reposui
485 2641 533 2694 ubi
551 2657 568 2694 a
585 2658 627 2694 eo·
647 2637 772 2704 Loewio,
793 2640 869 2692 cuius
889 2645 1090 2709 praematuram
1110 2657 1180 2694 mor·

95 2707 156 2760 dice
172 2709 200 2759 A
215 2657 399 2760 recedendum
419 2709 487 2760 mihi
502 2708 568 2777 fuit,
589 2709 703 2786 itatem
723 2707 860 2787 lugemus,
881 2709 1085 2763 accuratissime
1104 2709 1181 2763 facta
1229 2716 1234 2723 “

93 2778 187 2828 tamen
196 2780 227 2827 ut
235 2792 325 2845 neque
334 2776 548 2846 orthographica
557 2793 628 2830 com·
647 2780 688 2828 uu
700 2775 767 2827 mihr
779 2775 882 2829 liceret.

94 2859 272 2896 memorarem
288 2859 377 2912 neque
393 2844 531 2898 levissima
545 2861 627 2914 quae·
681 2842 853 2897 Testimonia
869 2846 906 2898 ad
922 2845 1028 2898 Tibulli
1048 2846 1132 2900 vitam
1152 2851 1181 2901 et
1237 2838 1240 2843 ’
1275 2878 1280 2889 -

94 2912 158 2964 dam
174 2911 249 2966 vitia.
286 2911 364 2975 Quae
376 2918 468 2965 autom
481 2914 552 2966 exA
565 2929 627 2967 eno·
646 2911 744 2980 poesin
764 2913 917 2982 spectantia
937 2914 1011 2982 quod
1031 2930 1064 2968 er
1084 2915 1181 2995 Vulpii

93 2980 164 3048 tavi,
186 2996 219 3033 ea
238 2980 280 3033 ita
301 2995 330 3034 se
352 2981 455 3034 habere
476 2982 536 3050 ipse
556 2981 626 3035 vidi:
647 2979 767 3034 editione
779 2982 930 3050 repetenda
939 2983 1040 3049 curavi,
1052 2983 1128 3036 haud
1138 3001 1179 3036 m·

93 3064 158 3101 nam
178 3048 301 3102 codicem
321 3066 338 3102 a
355 3048 523 3103 Baehrensio
545 3050 626 3103 colla·
647 3053 756 3118 gratnm
786 3065 845 3103 esse
877 3049 912 3102 iis
939 3049 1111 3120 potissimum
1137 3068 1180 3104 ar·

92 3122 152 3169 tum
164 3132 216 3187 ego
226 3116 378 3169 Mediolani
390 3134 461 3170 anuo
473 3118 548 3184 1884,
561 3134 626 3187 qua·
647 3116 745 3183 bitror,
771 3119 819 3186 qui
840 3117 939 3171 scholis
959 3119 1124 3172 academicis
1145 3121 1180 3173 de

93 3190 173 3239 tenus
189 3185 374 3238 necessarium
389 3186 457 3238 mihi
473 3186 626 3256 videbatur,
647 3183 758 3238 Tibullo
786 3185 899 3255 eiusque
931 3187 1097 3242 carminibus
1125 3188 1179 3241 dis-

93 3253 183 3307 denuo
201 3254 367 3321 examinavi,
385 3271 475 3335 neque
492 3271 526 3309 ea
542 3271 627 3325 opera
646 3257 753 3322 putant.

91 3321 198 3375 inutilis
218 3322 305 3374 fuit.11
340 3320 451 3376 Codicis
471 3324 498 3377 V
516 3340 627 3377 manum
679 3322 778 3375 Restat
792 3327 823 3376 ut
840 3338 887 3377 eas
904 3322 1039 3379 editiones
1051 3326 1179 3379 disserta·

93 3391 210 3459 primam
221 3390 387 3459 ubicumque
398 3408 453 3444 non
466 3408 626 3445 commemo·
646 3390 802 3459 tionesque,
825 3408 941 3461 quarum
957 3393 986 3445 in
1003 3394 1179 3447 adnotatione

92 3460 153 3512 ravi
164 3464 213 3511 aut
225 3474 376 3527 congruere
385 3476 446 3512 cum
455 3461 482 3512 A
490 3465 540 3514 aut
548 3478 626 3531 aper·
647 3458 741 3513 critica
748 3460 858 3529 saepius
864 3461 965 3515 mentio
971 3461 1178 3530 fit,enumerem.

92 3531 136 3580 tos
146 3543 250 3581 errores
259 3529 303 3578 vel
312 3526 536 3597 interpolationes
547 3547 625 3599 prae·

92 3594 158 3650 bere
183 3595 324 3649 sciendum
345 3602 394 3650 est.
430 3595 627 3667 Excerptorum
646 3596 751 3650 Tibulli
765 3597 914 3667 elegiarum
926 3597 991 3652 libri
1003 3599 1065 3651 duo.
1090 3597 1179 3651 Acce«

91 3684 259 3694 --··-·-
681 3665 1176 3720 duntPseudotibulliana.RecAem.

130 3718 144 3757 9
155 3716 229 3755 Verri.
238 3728 267 3755 eu
276 3717 363 3757 medad.
373 3719 429 3767 1011,
438 3718 463 3758 83
473 3730 520 3768 sqq.

118 3770 144 3808 1⁰
155 3768 188 3805 IlI
201 3772 221 3811 6,
236 3770 261 3807 di
274 3768 322 3807 tuos
335 3770 364 3808 ad
377 3780 477 3809 errorem
490 3770 578 3809 librarii
592 3782 626 3810 co
679 3734 703 3787 Β
709 3734 857 3788 affluens·
882 3736 959 3805 Lips.
974 3735 1049 3787 1878·

93 3818 150 3858 dieis
159 3821 184 3867 F,
196 3820 254 3868 1116,
265 3822 290 3859 tiit
304 3830 365 3859 coeca
378 3820 408 3859 ad
421 3832 521 3861 errorem
530 3823 578 3861 eius
588 3824 626 3872 qui
645 3833 815 3845 -—

92 3872 198 3919 excerpta
207 3872 333 3919 composuit
341 3872 425 3911 reterre
434 3873 495 3912 licet.
671 3876 696 3913 ia
710 3873 817 3915 Codicem
826 3875 952 3914 Parisinum
964 3870 1001 3923 (Β)
1014 3875 1065 3922 post
1078 3876 1179 3923 repertos

118 3926 143 3961 11
157 3922 276 3971 Superiora
294 3933 354 3962 anno
368 3924 494 3971 complures
507 3923 592 3964 codicis
606 3924 626 3964 A
645 3926 714 3965 libros
723 3927 743 3965 A
752 3929 775 3964 et
788 3928 808 3968 V
821 3926 905 3965 nulllus
918 3928 1028 3964 momenti
1041 3936 1090 3965 esse
1103 3936 1178 3973 nemo,

91 3974 223 4023 scripturae,
242 3973 365 4022 dequibus
380 3974 522 4021 dubitabam,
541 3976 625 4023 insigni
644 3978 689 4016 nisi
715 3977 792 4027 fallor,
820 3988 881 4017 nunc
902 3978 980 4025 negat:
1007 3977 1035 4017 ci.
1058 3978 1179 4017 Rotlrsteiu

92 4025 197 4069 comiato
206 4024 263 4065 mihi
272 4028 414 4075 excerpserat
422 4026 624 4077 chrlcushieugo.
644 4029 743 4078 pbisq.
997 4050 1000 4055 ·
