2566 4448
152 276 195 343 22
610 292 666 348 19.
681 294 715 348 ro

196 426 227 479 et
245 424 353 499 pateat
370 415 492 500 cupidis
511 438 634 502 semper
653 426 763 502 aperta
781 416 907 484 domus:

151 531 211 574 nec
227 509 346 574 lasciva
363 532 450 574 soror
468 510 590 576 dicatur
606 511 698 596 plura
715 511 832 576 bibisse

101 617 136 672 60
195 605 311 689 pocula
327 606 378 670 vel
395 605 502 690 plures
521 605 691 671 emeruisse
709 605 802 670 viros.

151 697 238 762 illam
257 720 352 783 saepe
369 699 476 765 ferunt
494 699 639 765 convivia
655 699 772 765 ducere
789 700 929 780 Baccho,

195 793 272 856 dum
289 805 358 858 rota
376 793 521 859 Luciferi
538 804 688 880 provocet
705 804 775 859 orta
791 794 890 860 diem:

151 884 205 951 illa
222 888 310 951 nulla
327 899 424 971 queat
441 888 554 952 melius
573 909 757 953 consumere
774 899 899 953 noctem

194 992 250 1045 aut
267 1004 398 1067 operum
420 983 525 1046 varias
543 981 736 1067 disposuisse
754 983 848 1049 vices.

100 1080 134 1134 65
151 1083 184 1139 at
201 1084 257 1139 tua
273 1075 454 1161 perdidicitz
472 1097 532 1140 neo
549 1088 595 1153 tu,
613 1076 806 1154 stultissime,
825 1077 931 1156 sentis,

194 1192 266 1234 cum
283 1170 341 1236 tibi
358 1193 423 1234 non
440 1170 532 1235 solita
550 1191 664 1256 corpus
682 1171 723 1235 ab
742 1181 809 1236 arte
827 1182 941 1238 movet.

150 1273 225 1329 tune
243 1275 336 1348 putas
353 1263 441 1328 illam
458 1286 515 1349 pro
532 1274 564 1330 te
582 1264 749 1350 disponere
767 1265 868 1330 crines

193 1368 247 1421 aut
264 1368 375 1423 tenues
393 1358 491 1423 denso
509 1367 635 1444 pectere
654 1359 748 1424 dente
765 1361 890 1424 comas?

150 1451 209 1514 ista
227 1449 324 1537 (doec)
341 1452 512 1538 persuadet
529 1452 636 1530 facies,
655 1475 797 1536 auroque
813 1454 947 1521 lacertos

99 1552 134 1606 70
192 1544 311 1609 vinciat
329 1556 360 1609 et
377 1544 476 1630 Tyrio
494 1547 626 1631 prodeat
644 1555 718 1630 apta
736 1545 826 1610 sinu?

148 1658 213 1700 non
230 1636 299 1714 tibi,
317 1638 373 1703 sed
390 1638 498 1703 iuveni
516 1639 642 1703 cuidam
660 1638 728 1704 vult
746 1639 829 1704 bella
847 1639 959 1718 videri,-

192 1732 348 1797 devoveat
365 1755 423 1818 pro
441 1755 504 1817 quo
522 1755 653 1817 remque
671 1734 863 1817 domumque
881 1744 979 1800 tuam.

148 1848 207 1890 nec
224 1826 301 1891 facit
317 1825 378 1890 hoc
395 1827 482 1903 vitio,
501 1827 558 1891 sed
576 1848 709 1911 corpora
725 1826 821 1890 foede
838 1827 981 1914 podagra

192 1931 223 1984 et
240 1921 323 1988 senis
342 1922 506 2006 amplexus
525 1921 610 1985 culta
626 1920 734 2005 puella
751 1921 842 2006 fugit.

97 2014 131 2070 75
148 2014 222 2079 huic
240 2026 345 2079 tamen
363 2015 512 2080 accubuit
527 2025 634 2079 noster
651 2037 744 2099 puer:
763 2014 848 2079 hunc
866 2037 926 2101 ego
945 2017 1070 2082 credam

191 2131 263 2172 cum
282 2109 422 2174 trucibus
441 2110 601 2175 Venerem
618 2109 749 2192 iungere
767 2130 860 2195 posse
877 2111 962 2176 feris.

148 2203 357 2268 blanditiasne
374 2226 461 2267 meas
479 2202 549 2268 aliis
566 2213 602 2268 tu
620 2203 756 2269 vendere
775 2227 808 2269 es
827 2216 938 2283 ausus,

132 2309 265 2388 =&tune
284 2297 352 2362 aliis
371 2298 500 2362 demens
518 2300 626 2363 oscula
643 2298 725 2364 ferre
743 2300 833 2363 mea?

148 2403 215 2456 tum
233 2392 332 2469 flebis,
352 2414 425 2457 cum
443 2393 652 2458 me'vinotum
670 2416 750 2478 puer
767 2394 845 2458 alter
862 2394 993 2460 habebit

96 2494 131 2549 80
192 2497 223 2560 et
240 2498 330 2573 geret
346 2487 379 2551 in
397 2510 495 2572 regno
513 2509 612 2573 regna
630 2488 767 2572 superba
784 2498 848 2553 tuo.

147 2591 179 2645 at
197 2591 252 2644 tua
270 2592 338 2644 tum
355 2604 406 2646 me
424 2602 528 2665 poena
544 2581 640 2656 iuvet,
657 2580 841 2663 Venerique
860 2581 993 2646 merenti

188 2675 253 2738 fixa
270 2686 357 2740 notet
375 2698 467 2740 casus
484 2697 581 2740 aurea
597 2675 703 2760 palma
720 2697 822 2739 meos:

148 2767 244 2832 ‘hanc
263 2768 319 2831 tibi
337 2768 443 2833 fallaci
460 2768 617 2833 resolutus
635 2789 741 2832 amore
759 2768 907 2834 Tibullus

190 2861 314 2927 dedicat
332 2873 364 2927 et
380 2874 472 2948 grata
490 2863 542 2938 sis,
561 2862 631 2939 dea,
648 2873 754 2927 mente
771 2862 880 2949 rogat’

632 3211 679 3277 X.

148 3331 228 3413 Quis
246 3331 316 3409 fuit,
335 3332 507 3398 horrendos
524 3331 645 3418 primus
663 3333 718 3417 qui
735 3334 865 3419 protulit
882 3337 991 3402 enses?

190 3449 285 3510 quam
305 3426 390 3491 ferus
409 3439 440 3491 et
458 3449 532 3493 vere
549 3427 669 3493 ferreus
686 3427 740 3492 ille
757 3428 832 3492 fuitt

146 3532 214 3586 tum
233 3521 346 3586 caedes
364 3520 527 3585 hominum
545 3523 664 3608 generi,
681 3532 749 3586 tum
767 3524 886 3608 proelia
902 3535 986 3602 nata,

189 3627 257 3679 tum
275 3615 400 3679 brevior
418 3615 505 3679 dirae
522 3617 632 3681 mortis
650 3629 759 3702 aperta
775 3618 827 3683 via
845 3630 901 3684 est..

113 3718 130 3773 5
147 3734 187 3775 an
205 3709 283 3775 nihil
300 3708 353 3775 ille
371 3709 465 3772 miser
482 3711 606 3788 meruit,
624 3732 682 3775 nos
700 3711 741 3776 ad
758 3713 842 3777 mala
858 3724 965 3777 nostra

189 3804 351 3882 vertimus,
368 3803 401 3867 in
419 3825 530 3868 saevas
548 3804 634 3888 quod
652 3805 738 3871 dedit
755 3807 807 3870 ille
825 3807 926 3871 feras?

147 3898 252 3963 divitis
270 3898 331 3963 hoo
348 3897 460 3963 vitium
478 3908 527 3962 est
544 3897 622 3976 auri,
640 3921 699 3964 neo
716 3899 800 3964 bella
816 3898 954 3978 fuerunt,

188 3992 315 4078 faginus
333 3992 457 4056 astabat
475 4013 548 4056 cum
566 3992 704 4078 scyphus
723 4007 796 4057 ante
814 3991 920 4078 dapes.

145 4109 209 4154 non
227 4108 326 4166 arces,
343 4108 407 4153 non
424 4086 527 4153 vallus
546 4097 623 4166 erat,
640 4107 849 4172 somnumque
865 4088 995 4173 petebat
1088 4156 1091 4163 Α
