2566 4448
56 311 61 317 ’
97 299 161 364 iam
178 300 327 386 subrepet
344 301 428 366 iners
446 311 543 377 aetas,
560 322 620 366 nec
637 322 743 365 amare
761 299 895 379 decebit,
991 350 993 359 .

61 400 65 407 ’
95 384 108 399 “
140 394 244 460 dicere
261 419 320 460 nec
338 417 417 462 cano
435 395 604 460 blanditias
622 395 732 481 capite.
967 474 970 479 Ι

13 504 19 513 ”
89 511 183 552 >nunc
199 490 278 554 levis
296 501 342 555 est
360 490 523 554 tractanda
540 490 661 566 Venus,
680 490 756 553 dum
772 487 920 574 frangere
938 499 1043 573 postes

140 605 204 647 non
222 583 321 668 pudet
338 596 369 649 et
385 584 470 648 rixas
488 584 657 650 inseruisse
674 585 771 649 iuvat.
1165 656 1167 661 ¹

98 675 150 739 hic
168 699 228 763 ego
246 678 311 742 dux
328 678 481 762 milesque
500 679 703 755 bonus:·'vos,
722 678 814 762 signa
830 677 999 760 tubaeque,
1020 713 1023 718 Δ
1103 708 1106 712 *
1134 684 1169 739 75

140 771 183 836 ite
201 771 321 857 procul,
339 773 461 858 cupidis
479 773 611 838 vulnera
627 772 706 837 ferte
725 772 814 836 viris:

99 864 178 929 ferte
197 876 227 930 et
244 888 333 951 opes:
352 890 412 953 ego
431 868 605 952 composito
623 889 753 932 securus
771 887 884 931 acervo
991 890 995 901 ·

142 959 313 1045 despiciam
331 961 411 1028 dites
429 961 664 1048 despiciamque
682 962 809 1026 famem.
973 947 986 964 ’

579 1305 625 1371 Π.

98 1430 194 1496 Adde
211 1453 333 1497 merum
351 1430 489 1515 vinoque
505 1453 605 1498 novos
623 1455 789 1518 compesce
806 1432 941 1508 dolores,

141 1537 275 1610 occupet
291 1536 327 1590 ut
344 1525 419 1590 fessi
435 1526 555 1591 lumina
572 1528 656 1592 victa
673 1549 779 1612 sopor:

99 1640 162 1682 ueu
179 1620 347 1703 quisquam
363 1621 463 1684 multo
481 1643 665 1705 percussum
683 1634 825 1704 tempora
843 1618 971 1684 Baccho

59 1727 61 1731 ’
142 1712 265 1791 excitet,
283 1713 393 1778 infelix
411 1714 487 1777 dum
504 1714 678 1797 requiescit·
690 1737 788 1779 amor.

98 1830 172 1870 nam
189 1807 290 1892 posita
307 1817 355 1873 est
372 1819 498 1872 nostrae
516 1809 659 1874 custodia
676 1831 772 1874 saeva
790 1807 925 1894 puellae,

141 1901 297 1966 clauditur
315 1913 346 1966 et
364 1903 444 1966 dura
460 1903 556 1966 ianua
573 1903 664 1967 firma
682 1925 761 1968 sera.
805 1980 806 1983 Ἴ

97 1995 194 2060 ianua
210 1995 347 2061 difficilis
365 1995 494 2074 domini,
513 2006 544 2062 te
561 1997 706 2069 verberet
723 1997 835 2073 imber,

93 2084 96 2089 ’
140 2100 173 2154 te
189 2091 274 2155 Iovis
292 2090 423 2176 imperio
440 2090 574 2161 fulmina
591 2093 687 2156 missa
703 2102 822 2176 petant.

98 2183 203 2260 ianua,
217 2185 284 2248 ¹iam
301 2194 409 2268 pateas
426 2185 482 2249 uni
498 2185 586 2262 mibi,
604 2186 689 2250 victa
705 2184 851 2268 querelis,

142 2299 205 2341 neu
222 2277 331 2341 furtim
348 2300 440 2342 verso
458 2279 586 2359 cardine
605 2292 714 2364 aperta
731 2302 834 2344 sones.

100 2380 131 2435 et
148 2370 232 2434 mala
249 2370 276 2434 si
294 2392 358 2454 qua
374 2371 434 2434 tibi
451 2371 530 2435 dixit
548 2373 706 2437 dementia
722 2385 840 2448 nostra,

134 2464 301 2550 ignoscas:
320 2464 416 2549 capiti
433 2464 496 2529 sint
513 2487 625 2550 precor
641 2465 695 2530 illa
712 2488 793 2530 meo.

99 2569 130 2625 te
147 2559 326 2624 meminisse
344 2559 444 2635 decet,
462 2580 544 2643 quae
561 2558 697 2645 plurima
714 2581 791 2624 voce
809 2558 918 2643 peregi
1025 2583 1027 2586 ’

141 2654 294 2739 supplice,
313 2675 386 2718 cum
403 2653 486 2738 posti
503 2653 615 2719 florida
632 2664 716 2719 serta
734 2654 852 2718 darem.

100 2759 135 2812 tu
151 2769 278 2831 quoque
295 2770 336 2812 ne
353 2747 462 2813 timide
479 2749 636 2826 custodes,
653 2748 759 2824 Delia,
777 2747 861 2811 falle.-

142 2842 321 2906 audendum
340 2852 401 2906 est:
420 2841 517 2907 fortes
534 2843 663 2907 adiuvat
679 2843 749 2927 ips'a
766 2842 886 2909 Venus.
953 2923 969 2933 -

100 2936 154 3000 illa
170 2937 266 3012 favet,
285 2959 343 3001 seu
359 2935 430 3019 quis
447 2935 571 3001 iuvenis
588 2957 671 3002 nova
687 2937 797 3008 limina
814 2944 955 3019 temptat,

49 3059 52 3064 ·
144 3053 199 3094 seu
215 3042 333 3095 reserat
350 3031 414 3094 fixo
432 3031 526 3096 dente
542 3033 650 3116 puella
666 3031 764 3097 fores:
793 3058 794 3062 ¹

100 3124 154 3188 illa
171 3124 262 3189 docet
278 3125 365 3189 molli
381 3125 491 3190 furtim
509 3126 659 3211 derepere
676 3126 769 3201 lecto,

142 3218 196 3282 illa
212 3218 326 3302 pedem
343 3219 429 3283 nullo
447 3242 565 3304 ponere
582 3242 676 3306 posse
694 3241 782 3296 sono,

100 3313 154 3377 illa
171 3311 239 3375 viro
257 3333 362 3376 coram
379 3323 474 3377 nutus
493 3312 635 3380 conferre
651 3315 800 3397 loquaces

143 3406 321 3488 blandaque
339 3407 518 3492 compositis
536 3409 653 3473 abdere
669 3408 766 3472 verba
784 3405 874 3470 notis.

100 3522 159 3565 nec
177 3500 269 3564 docet
286 3499 346 3564 hoo
364 3522 483 3578 omnes,
502 3501 557 3566 sed
575 3523 655 3584 quos
672 3524 732 3566 nec
748 3499 861 3565 inertia
877 3497 982 3563 tardat
1075 3518 1077 3524 ’

142 3616 201 3659 nec
218 3602 304 3658 vetat
320 3594 454 3658 obscura
472 3618 602 3681 surgere
618 3605 710 3660 nocte
728 3596 830 3660 timor.

56 3697 58 3701 ‘
101 3709 140 3752 en
158 3710 218 3774 ego
236 3709 309 3752 cum
326 3687 464 3752 tenebris
481 3698 547 3754 tota
563 3711 663 3776 vagor
680 3689 793 3758 anxius
809 3690 898 3766 urbe,

75 3947 78 3951 ,
102 3897 161 3940 nec
178 3875 251 3940 sinit
268 3885 412 3942 occurrat
428 3876 606 3961 quisquam,
624 3879 680 3962 qui
697 3900 830 3964 corpora
846 3876 929 3942 ferro

145 3969 288 4038 vulneret
304 3981 359 4035 aut
375 3981 466 4056 rapta
482 3972 623 4056 praemia
639 3984 726 4039 veste
744 3982 840 4058 petat.
