2566 4448
489 937 492 944 ’
605 933 702 1000 vm.
1167 957 1235 1014 ma

190 1068 332 1156 Sulpicia
349 1070 470 1135 esttibi
489 1071 574 1134 culta
591 1070 664 1146 tuis,
683 1070 773 1134 Mars
790 1092 915 1157 magne,
934 1071 1092 1137 kalendisz

230 1175 407 1250 spectatum
425 1187 443 1228 e
461 1165 558 1241 cae10,
577 1163 605 1226 si
622 1163 717 1248 sapis,
734 1164 802 1248 ipse
820 1166 904 1229 veni.

187 1258 247 1322 hoc
265 1260 376 1325 Venus
394 1258 551 1343 ignoscet:
570 1268 603 1321 at
619 1266 665 1333 tu,
683 1257 830 1335 violente,
849 1270 961 1324 caveto

229 1376 270 1417 ne
288 1353 346 1417 tibi
363 1352 489 1416 miranti
507 1351 639 1437 turpiter
657 1373 745 1415 arma
763 1352 887 1417 cadant.

187 1446 271 1510 illius
289 1470 329 1511 ex
347 1446 457 1522 oculis,
476 1468 549 1511 cum
567 1446 635 1509 vult
653 1468 785 1510 exurere
802 1446 902 1524 divos,

230 1541 373 1605 accendit
391 1541 533 1626 geminas
550 1539 713 1624 lampadas
732 1561 805 1604 acer
823 1542 933 1606 Amor.

186 1633 284 1712 illam,
302 1635 459 1718 quidquid
475 1633 552 1720 agit,
570 1655 699 1716 quoquo
716 1634 852 1720 vestigia
868 1635 976 1712 movit,

230 1729 389 1815 componit
407 1728 515 1792 furtim
533 1728 800 1812 subsequiturque
817 1730 921 1794 decor.

186 1847 243 1889 seu
261 1824 354 1888 solvit
372 1822 484 1900 crines,
503 1822 584 1887 fusis
602 1823 693 1888 decet
710 1845 779 1889 esse
797 1825 933 1908 capillis:

227 1942 283 1983 seu
301 1919 446 2003 compsit,
465 1917 598 2002 comptis
617 1929 665 1982 est
682 1919 864 1983 veneranda
882 1919 990 1983 comis.
1182 1933 1216 1988 10

185 2013 257 2087 urit,
275 2035 332 2076 seu
350 2012 449 2096 Tyria
466 2012 567 2077 voluit
584 2012 757 2096 procedere
774 2013 873 2097 palla:

228 2107 300 2183 urit,
318 2128 376 2170 seu
392 2105 485 2170 nivea
503 2106 637 2170 candida
655 2118 743 2172 veste
761 2107 857 2170 venit.

185 2199 257 2263 talis
274 2200 308 2262 in
326 2209 454 2262 aeterno
471 2198 549 2264 felix
565 2200 761 2264 Vertumnus
781 2197 922 2284 Olympo

227 2292 313 2356 mille
330 2291 426 2356 habet
445 2303 583 2368 ornatus,
600 2292 686 2356 mille
704 2293 852 2357 decenter
869 2292 974 2358 habet.

185 2387 252 2450 sola
268 2385 446 2471 puellarum
464 2385 561 2470 digna
579 2395 635 2459 est,
654 2385 705 2449 cui
722 2385 830 2449 mollia
848 2387 927 2450 caris

226 2482 344 2545 vellera
362 2479 415 2544 det
433 2481 517 2544 sucis
534 2480 583 2544 bis
601 2477 780 2543 madefacta
796 2478 911 2564 Tyros,

183 2576 416 2661 possideatque,
434 2573 524 2638 metit
542 2573 697 2657 quidquid
715 2573 797 2638 bene
815 2573 972 2638 olentibus
990 2577 1073 2640 arvis

226 2671 327 2734 cultor
344 2668 493 2732 odoratae
511 2667 600 2732 dives
617 2667 724 2731 Arabs
743 2667 859 2752 segetis

184 2774 215 2828 et
232 2784 448 2847 quascumque
466 2761 557 2847 niger
573 2761 669 2826 rubro
687 2761 727 2827 de
744 2761 836 2826 litore
853 2784 995 2847 gemmas

225 2858 386 2941 proximus
404 2856 469 2921 eois
488 2856 607 2941 colligit
625 2855 725 2920 Indus
743 2855 843 2938 aquis.

183 2949 265 3014 hanc
283 2972 349 3026 vos,
367 2950 522 3027 Pierides,
541 2949 629 3014 festis
648 2959 773 3013 cantate
791 2949 943 3026 kalendis,

227 3053 257 3107 et
274 3043 453 3108 testudinea
469 3044 600 3109 Phoebe
617 3045 752 3128 superbe
770 3043 848 3128 lyra.

182 3137 242 3201 hoo
261 3137 412 3202 sollemne
430 3160 555 3202 sacrum
573 3139 689 3202 multos
707 3136 786 3201 haec
805 3150 908 3202 sumat
925 3138 958 3202 in
976 3161 1105 3203 annos:-

225 3231 349 3316 dignior
371 3243 419 3297 est
436 3243 542 3297 vestro
559 3232 646 3296 nulla
663 3231 770 3316 puella
787 3231 892 3296 choro.

563 3420 730 3432 *-

611 3570 674 3636 IX.
1085 3566 1088 3570 ’
1160 3592 1228 3649 ive

179 3702 282 3767 Parce
300 3722 372 3766 meo
390 3698 507 3776 iuveni,
527 3721 583 3765 seu
601 3700 671 3781 quis
689 3699 774 3764 bona
791 3721 909 3784 pascua
927 3701 1031 3785 campi

224 3819 280 3861 seu
299 3795 375 3860 colis
394 3794 535 3859 umbrosi
554 3794 645 3858 devia
666 3794 782 3858 montis
801 3816 886 3878 aper,

181 3911 240 3954 nec
257 3889 316 3954 tibi
334 3891 373 3954 sit
391 3889 486 3953 duros
505 3887 627 3954 acuisse
643 3888 677 3952 in
694 3888 814 3972 proelia
832 3887 959 3951 dentest

221 3983 410 4050 incolumem
429 3994 538 4052 custos
552 3982 645 4051 huno
660 3982 748 4048 milii
761 3991 876 4047 seruet
896 3980 1038 4115 emm}
1062 4019 1075 4023 ..
1091 4018 1094 4022 .
