2558 4402
123 132 214 181 XXIV
286 138 327 179 DE
341 137 464 180 TIBULLI
475 137 600 184 VITA-ET
613 137 700 179 Poasi
713 137 895 183 TESTIMONIA
907 138 1043 188 ANTIQUA

156 246 400 316 immmt

191 332 316 415 Cynthia⁰
323 336 352 384 te
364 337 456 414 vatem
468 331 543 400 fecit,
556 331 657 386 lascive
669 331 810 413 Properti:

192 399 823 540 attitulatltltlifliltttitti2

225 537 329 591 Lesbia
341 537 464 606 dictavit,
477 538 557 593 docte
570 536 686 606 Catulle,
698 538 758 592 tibi.

191 622 248 688 non
257 622 300 661 me
312 605 424 688 Peligni
434 612 609 688 necespernet
621 606 737 688 Mantua
747 610 847 688 vatem,

226 693 250 729 si
262 691 317 744 qua
329 672 448 729 Corinna
459 675 536 744 mihi,
548 693 573 728 si
584 689 646 743 quis
658 675 752 729 Alexis
764 679 824 728 erit.

157 777 236 832 Idem
247 777 318 834 XIV
329 777 380 832 193

166 886 175 937 i
191 862 270 919 Ussit
281 867 430 917 amatorem
442 861 567 918 Nemesis
579 863 683 918 lasciva
695 863 846 932 Tibullum,

225 931 256 984 in
266 936 325 986 tota
336 931 405 985 iuvit
416 946 498 1000 quem
509 932 579 984 nihil
591 948 650 986 esse
663 932 750 985 domo.

157 1033 322 1104 Apuleius
339 1035 411 1116 apol.
429 1035 462 1088 10
473 1034 519 1088 hic
530 1034 599 1087 illud
612 1034 696 1088 etiam
706 1034 871 1105 reprehendi
883 1033 1108 1100 animadvertisti,
1126 1033 1208 1102 quod,

122 1121 185 1157 cum
196 1102 258 1156 aliis
270 1102 425 1156 nomimbus
440 1103 520 1172 pueri
535 1108 673 1171 vocentur,
692 1119 744 1173 ego
762 1120 809 1157 eos
819 1102 968 1157 Charinum
985 1108 1013 1156 et
1030 1101 1143 1156 Critiam
1159 1119 1208 1169 ap-

121 1170 278 1242 pellitarim.
312 1172 409 1225 eadem
424 1171 511 1241 igitur
530 1187 615 1251 opera
630 1177 761 1226 accusent
776 1169 806 1225 C.
824 1170 970 1240 Catullum,
987 1172 1061 1242 quod
1077 1170 1209 1223 Lesbiam

142 1257 172 1293 ro
189 1238 286 1293 Clodia
301 1239 457 1308 nominarit,
479 1245 508 1292 et
523 1239 652 1293 Ticidam
668 1240 802 1308 similiter,
820 1241 902 1309 quod,
923 1256 994 1321 quae
1010 1239 1124 1292 Metella
1141 1242 1207 1305 erat,

121 1259 254 1363 Perillam
269 1308 418 1376 scripserit,
435 1315 463 1361 et
479 1307 664 1377 Propertium,
682 1310 728 1378 qui
745 1308 893 1378 Cynthiam
910 1309 993 1377 dieat,
1010 1307 1136 1360 Hostiam
1153 1306 1207 1358 dis·

86 1393 101 1451 ]
122 1377 240 1445 simulet,
258 1381 286 1429 et
298 1376 448 1444 Tibullum,
466 1377 539 1446 quod
552 1377 578 1430 ei
593 1377 630 1429 sit
640 1377 740 1430 Plania
755 1377 785 1429 in
801 1378 901 1445 animo,
918 1377 1002 1431 Delia
1016 1377 1046 1428 in
1061 1392 1149 1429 versu.
1180 1378 1209 1427 et

140 1445 234 1499 uidem
245 1442 275 1498 C.
288 1444 435 1514 Lucilium,
448 1461 613 1515 quamquam
625 1445 662 1498 sit
671 1445 814 1514 iambicus,
830 1450 924 1500 tamen
935 1444 1121 1515 improbaiim,
1134 1443 1208 1513 quod

151 1513 255 1567 entium
269 1517 296 1566 et
307 1513 486 1567 Macedonem
503 1529 602 1584 pucros
614 1513 724 1568 directis
740 1514 895 1568 nominibus
912 1514 1031 1568 carmine
1048 1530 1096 1566 suo
1110 1512 1208 1582 prosti-

120 1582 212 1636 tuerit.
249 1587 351 1650 quanto
363 1581 512 1635 modestius
523 1583 634 1636 tandem
647 1582 813 1636 Mantuanus
829 1588 919 1653 poeta,
937 1583 985 1652 qui
995 1582 1092 1634 itidem
1108 1586 1139 1634 ut
1156 1595 1209 1651 ego

120 1667 237 1722 puerum
249 1649 330 1703 amici
342 1650 385 1702 sui
396 1650 529 1703 Pollionis
540 1651 665 1706 bucolico
680 1652 786 1705 ludicro
798 1651 913 1704 laudans
930 1656 958 1704 et
970 1650 1111 1704 abstinens
1122 1648 1208 1714 nomi·

121 1736 187 1773 num
200 1735 259 1772 sese
272 1718 384 1788 quidem
396 1717 577 1789 Corydonem,
590 1736 705 1790 puerum
717 1735 781 1774 vero
793 1719 893 1773 Alexin
904 1723 991 1772 vocat.

155 1799 1208 1892 mmmamumfflmmmmmmfflmm

122 1891 214 1972 elegia
226 1895 268 1943 est
280 1906 390 1971 carmen
402 1890 580 1960 compositum
591 1890 750 1943 hexametro
761 1906 842 1944 versu
852 1893 1079 1959 pentametroque
1095 1886 1207 1940 alternis

120 1975 150 2011 m
161 1963 467 2080 VldiilrnitiigssAtlliii'suftiilvo
480 2026 534 2079 sibi
546 2043 597 2080 con
618 2031 678 2079 erat
689 2042 754 2079 auio

224 2099 252 2148 et
262 2099 357 2148 teneat
368 2094 434 2148 culti
445 2094 543 2165 iugera
554 2111 582 2148 m
610 2099 641 2147 ta
651 2094 710 2147 soli.

121 2163 299 2285 lateat
314 2160 1208 2287 utilitatitilithiittlihmttl‘ltttit

122 2249 164 2354 glo
186 2300 214 2353 ia
229 2304 321 2353 autem
338 2299 487 2354 dictative
504 2299 579 2370 παρὰ
595 2299 627 2352 τὸ
645 2292 676 2352 εὗ
691 2301 778 2371 λέγειν
794 2301 858 2356 τοὺς
874 2301 1043 2355 τεθνεῶτας
1060 2249 1119 2353 Abra
1136 2271 1208 2352 enim

122 2369 157 2422 de
189 2373 313 2423 notorum
333 2367 429 2421 laudes
450 2366 504 2422 hoc
524 2367 643 2422 carmine
664 2368 978 2439 comprehendebantur:
1002 2366 1135 2421 siverint
1157 2371 1207 2418 τοῦ

122 2437 197 2490 ἐλέου
218 2436 249 2489 id
269 2441 311 2490 est
330 2435 513 2505 miseratione,
537 2437 611 2506 quod
627 2439 749 2507 θρήνους
766 2436 868 2492 Graeci
886 2438 932 2492 vel
952 2436 1036 2489 ἐλεεῖα
1051 2436 1104 2488 isto
1120 2439 1208 2488 metro

122 2505 351 2586 scriptitaverimt.
388 2504 433 2560 cui
461 2505 583 2587 opinioni
606 2506 760 2560 consentire
782 2505 891 2586 ridetur
913 2504 1058 2571 Horatius,
1086 2519 1148 2583 cum
1171 2502 1208 2554 ad

122 2575 236 2629 Albium
252 2574 396 2628 Tibullum
416 2574 568 2646 elegiarum
587 2579 726 2629 auctorem
746 2575 869 2628 scribens
889 2573 925 2627 ab
941 2588 975 2627 ea
991 2586 1076 2640 quam
1090 2571 1208 2624 diximus
1246 2594 1248 2600 ¹

122 2643 296 2697 miseratione
309 2643 402 2714 elegos
413 2643 584 2698 miserabiles
597 2641 665 2696 dicit
676 2643 730 2724 hoc
740 2642 833 2697 modo:

190 2779 434 2849 deoenwselegos·
502 2727 557 2766 neu
567 2710 738 2766 miserabiles
783 2751 793 2774 ,

157 2879 315 2937 Sidonius
331 2879 543 2951 Apollinaris
559 2898 642 2936 carm.
655 2881 681 2950 9,
693 2881 744 2937 256

190 2982 245 3020 non
257 2965 418 3021 Gaetulicus
430 2965 476 3020 hic
486 2965 539 3020 tibi
550 2966 666 3037 legetur,

190 3052 245 3089 non
257 3035 374 3103 Marsus,
386 3035 474 3103 Pedo,
487 3033 579 3102 Silius,
591 3035 729 3103 Tibullus,

190 3121 245 3185 non
257 3105 331 3184 quod
344 3102 483 3183 Sulpiciae
494 3103 570 3156 iocus
582 3103 700 3157 Thaliae

190 3169 746 3310 {titilltgttttllitlssiai
759 3255 784 3309 q.
797 3255 818 3292 t.

158 3342 238 3396 Idem
256 3341 334 3421 epist.
348 3341 378 3395 11
389 3342 423 3395 10
429 3345 508 3423 'certe
520 3342 545 3395 si
555 3347 666 3423 praeter
676 3358 735 3424 rem
747 3339 893 3395 oratoriam
903 3337 1083 3458 ρουῒηδεέρίο
1095 3337 1209 3417 femina·

120 3415 334 3549 titillat
343 3409 964 3548 tetiffltttliitlliailtltiilt
973 3411 1210 3556 {diffidit

123 3563 185 3627 cum
203 3564 252 3601 suo
264 3547 375 3602 Nasone
391 3547 547 3618 complevit,
564 3548 669 3603 Lesbia
677 3566 739 3602 cum
756 3546 872 3615 Catullo,
890 3544 1042 3626 Caesenma
1059 3561 1119 3624 cum
1136 3541 1208 3596 Gae-

121 3615 406 3738 trffiiilssffiioArgentada
426 3634 488 3671 cum
507 3617 631 3686 Lucano,
654 3615 774 3687 Cynthia
795 3633 857 3670 cum
872 3614 1026 3690 Propertio,
1047 3612 1130 3666 Deha
1147 3627 1209 3664 eum

559 3868 772 3882 m
