2566 4448
630 208 694 266 ns

640 402 682 469 V.

150 520 293 598 Phoebe,
312 521 400 586 fave:
418 543 521 586 novus
539 522 716 608 ingreditur
733 531 789 588 tua
806 523 926 609 templa
944 522 1107 590 sacerdosr

194 615 258 678 huc
275 637 336 700 age
354 637 427 680 cum
445 616 566 681 cithara
584 617 840 700 carminibusque
858 619 941 683 veni.

7 720 22 789 Ἰ
60 740 63 745 ·
151 730 236 773 nunc
254 717 285 773 te
302 709 428 774 vocales
446 709 608 796 impellere
624 710 739 795 pollice
758 710 902 789 chordas,

192 825 277 867 nunc
294 825 407 888 precor
424 804 465 868 ad
482 805 593 869 laudes
610 806 736 870 flectere
753 806 851 870 verba
868 829 971 872 acuas.

116 912 134 965 5
150 896 218 981 ipse
235 897 418 982 triumphali
437 899 601 964 devinctus
619 909 762 984 tempora
778 901 878 978 lauro,

193 991 269 1055 dum
287 994 451 1057 cumulant
469 1015 550 1070 aras,
568 993 610 1057 ad
627 1002 682 1058 tua
700 1016 789 1059 sacra
806 994 888 1058 veni.

150 1086 207 1151 sed
224 1086 342 1150 nitidus
361 1085 556 1172 pulcherque
574 1087 661 1153 veni:
680 1111 765 1153 nunc
782 1089 879 1153 indue
898 1099 1018 1153 vestem

192 1181 372 1266 sepositam,
391 1181 504 1266 longas
522 1205 606 1246 nunc
623 1182 705 1247 bene
722 1194 814 1268 pecte
833 1205 950 1261 comas,

150 1275 278 1359 qualem
295 1285 327 1339 te
343 1286 521 1340 memorant
539 1275 677 1342 Saturno
695 1299 770 1362 rege
788 1277 899 1362 fugato

98 1376 133 1431 10
193 1368 306 1433 victori
322 1368 432 1434 laudes
451 1371 647 1435 concinuisse
665 1371 746 1435 Iovi.

148 1474 183 1528 tu
201 1463 312 1549 procul
331 1474 485 1529 eventura
502 1465 601 1541 vides,
620 1464 678 1531 tibi
696 1465 821 1530 deditus
839 1488 942 1551 augur

190 1557 250 1621 scit
266 1556 349 1621 bene
366 1558 443 1640 quid
461 1558 519 1622 lati
536 1559 670 1643 provida
688 1569 792 1624 cantet
810 1560 888 1637 avis,

147 1663 248 1735 tuque
266 1650 350 1737 regis
369 1663 479 1730 sortes,
497 1675 555 1738 per
572 1666 603 1718 te
619 1655 790 1740 praesentit
811 1675 957 1738 aruspex,

189 1745 315 1810 lubrica
333 1746 471 1831 signavit
489 1769 561 1812 cum
580 1748 657 1813 deus
676 1760 748 1813 exta
765 1749 863 1824 notis:

97 1845 131 1901 15
148 1851 179 1906 te
198 1840 280 1906 duce
298 1840 459 1905 Romanos
477 1862 650 1923 numquam
668 1841 818 1905 frustrata
836 1839 969 1923 Sibylla,

192 1935 300 2000 abdita
318 1956 400 2018 quae
419 1935 501 1999 senis
519 1935 586 1998 fata
603 1935 688 1999 canit
704 1934 848 2019 pedibus.

147 2028 290 2104 Phoebe,
309 2051 414 2094 sacras
432 2028 643 2093 Messalinum
661 2028 729 2093 sine
747 2038 878 2112 tangere
897 2026 1020 2090 chartas

190 2123 281 2197 vatis,
301 2133 332 2186 et
349 2123 417 2207 ipse
433 2144 546 2207 precor
562 2123 641 2206 quid
658 2132 750 2187 canat
767 2122 821 2186 illa
840 2122 927 2185 doce.

150 2216 228 2281 haec
252 2216 339 2280 dedit
356 2217 488 2281 Aeneae
506 2226 615 2292 sortes,
633 2227 801 2301 postquam
820 2214 872 2279 ille
889 2224 1053 2300 parentem

97 2317 133 2372 20
195 2310 310 2374 dicitur
328 2320 359 2373 et
376 2318 483 2395 raptos
501 2310 687 2375 sustinuisse
705 2311 800 2374 lares:

132 2416 207 2470 'nec
225 2403 294 2468 fore
312 2404 462 2469 credebat
478 2404 624 2481 Romam,
643 2427 716 2469 cum
734 2414 873 2469 maestus
892 2403 932 2467 ab
951 2404 1014 2467 alto

189 2498 273 2564 Ilion
291 2499 437 2563 ardentes
454 2498 687 2584 respiceretque
706 2499 791 2563 deos.

148 2593 305 2659 Romulus
324 2603 470 2658 aeternae
488 2592 630 2657 nondum
648 2592 841 2657 formaverat
857 2588 944 2654 urbis

191 2687 327 2763 moenia,
347 2686 485 2751 consorti
501 2708 566 2750 nou
583 2685 756 2751 habitanda
773 2686 884 2761 Remo,

96 2797 131 2851 25
149 2781 205 2846 sed
223 2792 299 2845 tunc
315 2779 489 2865 pascebant
506 2780 641 2846 herbosa
657 2779 783 2844 Palatia
800 2799 915 2842 vaccae

191 2886 222 2940 et
240 2873 366 2940 stabant
383 2874 517 2938 humiles
534 2874 568 2937 in
586 2872 672 2938 Iovis
691 2895 763 2937 arce
780 2893 882 2936 casae.

148 2970 230 3034 lacte
247 2967 379 3032 madens
396 2967 460 3030 illic
478 2967 606 3032 suberat
622 2967 694 3032 Pau
710 2964 790 3030 ilicis
808 2964 939 3028 umbrae

192 3072 223 3127 et
241 3062 326 3127 facta
344 3061 462 3148 agresti
478 3061 585 3146 lignea
602 3059 684 3125 falce
700 3060 806 3135 Pales,

149 3157 372 3242 pendebatque
390 3154 465 3240 vagi
482 3155 617 3240 pastoris
634 3155 667 3218 in
684 3154 796 3218 arbore
813 3162 933 3228 votum,

96 3269 131 3323 30
191 3252 319 3337 garrula
336 3249 472 3315 silvestri
489 3250 594 3314 fistula
612 3272 701 3314 sacra
720 3250 789 3324 deo,

148 3346 265 3423 fistula,
284 3345 335 3410 cui
354 3367 479 3430 semper
497 3343 648 3410 decrescit
666 3342 827 3409 arundinis
846 3340 937 3406 ordo:

190 3463 264 3505 nam
282 3440 422 3504 calamus
440 3462 513 3504 cera
529 3438 670 3524 iungitur
687 3459 788 3521 usque
806 3435 917 3499 minor.

149 3545 182 3598 at
199 3556 263 3618 qua
280 3533 412 3600 Velabri
429 3533 516 3618 regio
534 3543 632 3617 patet,
649 3532 696 3596 ire
713 3532 835 3596 solebat

191 3628 326 3714 exiguus
344 3628 437 3712 pulsa
453 3648 512 3711 per
527 3626 611 3690 vada
627 3626 720 3690 linter
738 3647 831 3708 aqua.
854 3685 859 3695 ,

96 3737 130 3792 35
147 3722 201 3786 illa
220 3745 314 3808 saepe
332 3721 438 3806 gregis
458 3718 513 3784 diti
531 3719 684 3804 placitura
701 3719 852 3803 magistro

191 3817 232 3881 ad
250 3817 397 3881 iuvenem
415 3814 498 3879 festa
515 3824 563 3878 est
580 3823 671 3877 vecta
688 3813 795 3897 puella
814 3812 875 3887 die,

148 3933 222 3976 oum
239 3931 303 3993 qua
320 3909 448 3975 fecundi
465 3907 625 3973 redierunt
641 3929 774 3971 munera
791 3905 882 3981 ruris,

190 4027 301 4069 caseus
319 4014 351 4069 et
368 4003 479 4069 niveae
497 4001 651 4068 candidus
670 4023 772 4086 agnus
790 3998 866 4064 ovis.
886 4033 927 4044 —
