2566 4448
515 849 612 915 XIII.

75 1033 76 1036 ,
102 985 246 1052 Tandem
263 987 349 1052 venit
367 1009 464 1063 amor,
483 987 610 1068 qualem
627 988 743 1054 texisse
761 987 881 1072 pudore

143 1102 239 1164 quam
256 1082 394 1145 nudasse
412 1079 506 1144 alioui
525 1080 564 1143 sit
580 1081 658 1144 mihi
676 1081 761 1145 fama
778 1081 890 1166 magis.

102 1191 230 1240 exorata
247 1174 326 1239 meis
343 1174 432 1238 illum
451 1171 612 1257 Cytherea
631 1172 779 1240 Camenis

143 1270 247 1334 attulit
264 1269 297 1332 in
314 1279 457 1332 nostrum
476 1268 684 1354 deposuitque
701 1269 815 1334 sinum.

101 1363 234 1428 exsolvit
250 1363 405 1447 promissa
421 1362 546 1428 Venus:
568 1385 640 1426 mea
656 1363 774 1447 gaudia
791 1373 907 1440 narret,

144 1457 265 1522 dicetur
281 1457 308 1521 si
325 1456 395 1541 quis
413 1478 477 1520 non
495 1456 643 1521 habuisse
662 1480 729 1520 sua.

100 1571 164 1613 non
182 1573 242 1634 ego
260 1550 391 1634 signatis
408 1551 578 1634 quiequam
595 1552 746 1616 mandare
764 1551 897 1627 tabellis,

142 1665 183 1707 ne
200 1644 286 1729 legat
302 1643 336 1707 id
353 1665 446 1708 nemo
463 1666 560 1727 quam
577 1668 667 1710 meus
685 1655 769 1722 ante,
787 1645 893 1720 velim,

100 1737 156 1801 sed
172 1759 320 1821 peccasse
338 1737 436 1814 iuvat,
454 1740 561 1803 vultus
580 1761 767 1824 componere
785 1740 889 1803 famae

45 1873 47 1877 ι
141 1832 261 1896 taedet:
280 1853 353 1896 oum
371 1830 470 1917 digno
488 1832 586 1918 digna
603 1833 702 1899 fuisse
719 1834 813 1900 ferar.

518 2181 617 2247 XIV.

99 2298 225 2362 Invisus
242 2301 356 2364 natalis
374 2301 473 2376 adest,
492 2300 547 2381 qui
564 2322 636 2364 rure
654 2301 786 2366 molesto

142 2403 173 2457 et
190 2393 257 2458 sine
276 2391 428 2459 Cerintho
446 2393 543 2458 tristis
561 2393 704 2480 agendus
722 2395 790 2459 erio

98 2487 221 2552 dulcius
238 2488 318 2553 urbe
336 2488 496 2570 quidest?
514 2511 555 2553 an
573 2488 649 2553 villa
667 2489 706 2552 sit
724 2499 798 2574 apta
814 2488 939 2574 puellae

141 2592 236 2664 atque
254 2582 404 2647 Arretino
421 2582 556 2667 frigidus
574 2582 675 2647 amnis
694 2583 790 2670 agro?

97 2676 170 2750 iam,
187 2675 320 2740 nimium
337 2675 490 2742 Messalla
507 2675 570 2742 mei
588 2677 737 2754 studiose,
756 2676 909 2760 quiescas,

139 2793 202 2834 neu
220 2770 426 2855 tempestivae
437 2793 531 2856 perge
548 2793 667 2836 monere
683 2771 763 2836 viae.

98 2862 149 2927 hio
166 2864 307 2927 animum
326 2885 498 2946 sensusque
516 2887 603 2928 meos
622 2865 760 2930 abducta
776 2866 930 2949 relinquo,

140 2956 267 3023 arbitrio
285 2957 431 3043 quamvis
448 2980 512 3022 non
530 2958 606 3023 sinis
625 2981 693 3024 esse
712 2981 791 3027 meo.

523 3307 603 3374 XV.

97 3423 168 3490 Scis
186 3425 246 3490 iter
262 3446 303 3490 ex
320 3425 424 3499 animo
443 3427 602 3491 sublatum
620 3428 708 3493 triste
725 3428 868 3513 puellae?

138 3519 236 3585 natali
254 3518 376 3583 Romae
393 3519 456 3583 iam
473 3520 545 3585 lieet
563 3543 631 3586 esse
648 3545 723 3587 meo.

97 3615 243 3679 omnibus
260 3612 314 3678 ille
332 3613 398 3677 dies
415 3614 507 3678 nobis
526 3615 639 3679 natalis
658 3627 781 3701 agatur,

137 3708 193 3793 qui
210 3706 412 3792 neoopinanti
428 3730 513 3773 nuno
532 3708 590 3772 tibi
608 3709 690 3775 forte
707 3710 804 3775 venit.
