2566 4448
577 141 629 198 18

95 277 206 332 cantus
224 275 256 332 et
273 288 291 331 e
309 286 402 331 curru
421 265 550 330 Lunam
568 265 724 333 deducere
741 271 884 349 temptat,

138 371 169 426 et
185 362 314 438 faceret,
332 360 359 424 si
376 382 441 425 non
459 383 532 425 aare
549 359 676 444 repulsa
693 371 814 424 sonent.

95 455 172 539 quid
189 477 304 539 queror
321 453 385 519 heu
401 452 516 519 misero
535 476 661 518 carmen
682 453 837 529 nocuisse,
859 451 937 535 quid
954 449 1089 515 herbas?

140 548 243 614 forma
260 547 339 613 nihil
357 547 487 634 magicis
505 547 604 613 utitur
621 546 760 612 auxiliis:

96 642 152 708 sed
171 665 284 728 corpus
303 641 443 728 tetigisse
459 651 562 720 nocet,
584 642 641 707 sed
657 642 753 727 longa
771 639 895 706 dedisse
1134 647 1169 702 25
1277 644 1280 649 '

138 739 256 814 oscula,
274 736 332 801 sed
348 735 460 801 femori
478 737 674 802 conseruisse
690 735 803 801 femur.

96 854 155 897 nec
173 843 208 922 tu
225 832 361 897 difficilis
378 854 479 918 puero
495 842 602 897 tamen
621 854 689 897 esse
706 840 880 897 memento:

138 928 337 1012 persequitur
353 927 464 1013 poenis
482 928 583 992 tristia
600 927 686 993 facta
702 926 824 993 Venus.

95 1044 228 1088 munera
244 1045 285 1088 ne
301 1045 428 1108 poscas:
446 1022 500 1088 det
517 1046 649 1088 munera
666 1045 765 1088 canus
783 1031 915 1096 amator,

64 1119 68 1125 ’
139 1129 175 1182 ut
192 1118 297 1183 foveat
313 1117 403 1184 molli
420 1117 536 1204 frigida
553 1118 695 1183 membra
713 1117 795 1181 sinu.

97 1213 198 1278 carior
215 1223 263 1279 est
281 1235 358 1277 auro
375 1213 508 1290 iuvenis,
528 1211 580 1277 cui
596 1212 680 1278 levia
697 1211 822 1297 fulgent

139 1329 195 1372 ora
210 1329 270 1373 nec
288 1308 454 1393 amplexus
472 1329 585 1392 aspera
602 1306 703 1371 barba
721 1306 803 1371 terit.

97 1400 171 1467 huic
189 1413 225 1467 tu
243 1402 413 1467 candentes
432 1423 541 1466 umero
559 1423 701 1487 suppone
718 1400 864 1476 lacertos,

140 1507 172 1562 et
188 1519 301 1582 regum
318 1518 454 1581 magnac
472 1495 685 1581 despiciantur
702 1517 789 1580 opes.

99 1600 132 1655 at
147 1590 260 1657 Venus
278 1590 397 1655 invenit
415 1611 514 1675 puero
533 1589 743 1654 concumbere
761 1587 882 1664 furtim,

141 1685 217 1749 dum
235 1684 324 1749 timet
342 1695 374 1749 et
390 1698 514 1750 teneros
533 1684 670 1749 conserit
686 1706 788 1767 usquc
806 1683 903 1757 sinus,

98 1789 130 1847 et
148 1780 223 1845 dare
241 1778 402 1845 anhelanti
419 1779 635 1866 pugnantibus
653 1778 762 1843 umida
780 1777 896 1862 linguis

114 1901 116 1909 ’
140 1875 249 1939 oscula
267 1885 299 1939 et
316 1874 349 1937 in
367 1874 447 1939 collo
464 1875 562 1959 figere
581 1874 675 1939 dente
692 1883 793 1937 notas.

97 1989 163 2034 non
179 1967 259 2053 lapis
276 1967 359 2033 hano
375 1990 584 2053 gemmaeque
600 1967 722 2044 iuvant,
740 1988 823 2050 quae
841 1964 959 2050 frigore
977 1963 1044 2027 sola

142 2061 276 2126 dormiat
294 2073 325 2126 et
342 2062 421 2125 nulli
439 2061 480 2126 sit
497 2061 654 2147 cupienda
672 2060 750 2125 viro.

100 2154 163 2219 heu
180 2175 250 2219 sero
268 2164 433 2220 revocatur
450 2176 539 2219 amor
556 2177 689 2239 seroque
707 2154 863 2230 iuventas,

143 2270 216 2313 cum
233 2257 324 2312 vetus
341 2246 452 2312 infecit
468 2270 547 2312 cana
565 2259 693 2313 senecta
710 2259 815 2334 caput.

100 2353 167 2408 tum
185 2340 326 2406 studium
347 2341 468 2406 formae
487 2353 548 2406 est:
567 2352 743 2406 comatum
761 2349 910 2417 mutatur,
929 2349 964 2404 ut
982 2361 1079 2404 annos

92 2462 95 2471 ·
142 2435 318 2502 dissimulet
335 2435 428 2499 viridi
445 2436 560 2500 cortice
578 2435 677 2499 tincta
693 2435 798 2499 nucis:

100 2532 209 2597 tollere
227 2540 295 2595 tum
313 2552 391 2595 cura
408 2539 455 2594 est
473 2530 561 2595 albos
580 2552 599 2593 a
616 2529 714 2614 stirpe
731 2529 861 2614 capillos

58 2685 62 2693 .
142 2637 174 2693 et
191 2626 306 2691 faciem
325 2625 453 2710 dempta
470 2624 553 2710 pelle
571 2623 690 2690 referre
707 2645 834 2689 novam.

101 2730 135 2784 at
150 2730 196 2797 tu,
215 2720 291 2784 dum
309 2719 403 2805 primi
420 2719 512 2784 floret
528 2718 586 2784 tibi
603 2719 753 2805 temporis
772 2729 868 2796 aetas,

143 2825 246 2880 utere:
263 2836 328 2879 non
346 2814 436 2879 tardo
453 2813 570 2879 labitur
586 2812 642 2879 illa
659 2814 751 2900 pede.

101 2930 164 2974 neu
181 2908 365 2973 Marathum
383 2918 511 2993 torque:
529 2930 628 2994 puero
645 2930 728 2992 quae
745 2907 848 2995 gloria
865 2907 949 2973 victo
968 2907 1033 2972 est?

144 3002 178 3067 in
195 3013 316 3068 veteres
334 3014 402 3069 esto
420 3004 510 3081 dura,
527 3005 642 3090 puella,
662 3027 763 3070 senes.

101 3118 196 3184 parce
213 3119 324 3182 precor
341 3107 463 3164 tenero:
481 3119 546 3164 ncn
562 3099 609 3164 illi
626 3099 748 3164 sontica
765 3121 861 3164 causa
879 3106 936 3174 est,

145 3191 201 3257 sed
218 3189 334 3254 nimius
352 3191 419 3257 luto
438 3213 570 3278 corpora
586 3193 681 3278 tingit
698 3216 795 3258 amor.

101 3285 154 3351 vel
173 3284 270 3350 miser
288 3285 411 3350 absenti
427 3298 565 3353 maestas
582 3310 679 3372 quam
697 3310 792 3373 saepe
810 3285 954 3370 querelas

145 3380 260 3445 conicit
278 3389 311 3444 et
327 3379 462 3446 lacrimis
480 3382 587 3447 omnia
603 3383 698 3467 plena
714 3379 858 3445 madent!

102 3474 195 3559 ‘quid
211 3497 263 3539 me
282 3472 435 3558 spemisl’
454 3477 507 3541 ait.
544 3481 681 3561 ‘poterat
698 3472 843 3539 custodia
860 3473 957 3537 vinci:

144 3568 213 3654 ipse
232 3568 319 3633 dedit
338 3569 462 3654 cupidis
479 3569 590 3634 fallere
607 3591 700 3654 posse
719 3568 807 3634 deus.

102 3672 178 3727 nota
194 3663 307 3729 Venus
325 3662 444 3727 furtiva
461 3663 538 3726 mihi
556 3672 613 3739 est,
631 3673 667 3727 ut
683 3662 761 3729 lenis
784 3673 897 3749 agatur

147 3755 285 3842 spiritus,
303 3769 339 3822 ut
356 3779 415 3822 nec
434 3758 510 3822 dent
527 3758 636 3822 oscula
653 3769 744 3843 rapta
762 3780 889 3822 sonum:

104 3857 136 3915 et
153 3871 283 3934 possum
299 3852 405 3918 media
422 3851 566 3936 quamvis
585 3853 736 3938 obrepere
754 3863 847 3919 nocte

147 3955 179 4009 et
196 3945 328 4032 strepitu
344 3947 432 4013 nullo
450 3947 532 4012 clam
550 3968 690 4014 reserare
707 3948 801 4015 fores.

919 4044 953 4100 2⁸
