2566 4448
134 226 137 233 ’
192 244 235 313 34
670 259 735 319 115

191 384 271 449 haec
288 382 415 449 fuerant
431 382 523 448 olim:
540 384 599 450 sed
614 394 650 449 tu
666 384 730 450 iam
748 385 843 462 mitis,
860 384 992 471 Apollo,

139 484 175 542 80
233 478 378 564 prodigia
394 478 554 543 indomitis
572 502 680 565 merge
698 479 758 544 sub
775 481 975 562 aequoribus,

192 583 223 638 et
241 595 395 638 succensa
412 573 509 638 sacris
527 574 658 659 crepitet
675 574 758 639 bene
773 574 883 639 laurea
899 575 1046 653 flammis,

234 668 338 732 omine
355 689 419 751 quo
436 667 514 732 felix
532 679 564 733 et
581 690 671 733 sacer
687 690 789 733 annus
806 667 876 733 crit.

190 762 299 828 laurus
316 761 374 826 ubi
391 762 476 827 bona
494 763 587 848 signa
604 761 701 839 dedit,
719 763 857 848 gaudete
875 763 992 828 colonie

234 857 392 922 distendet
409 857 504 943 spicis
522 857 635 921 horrea
651 857 745 942 plena
765 853 875 934 Ceres,

123 958 174 1014 ·85
190 951 306 1016 oblitus
324 962 356 1016 et
372 963 477 1016 musto
494 951 587 1016 feriet
603 951 685 1036 pede
703 951 839 1016 rusticus
856 973 947 1029 uvas,

233 1046 318 1110 dolia
336 1046 412 1110 dum
429 1044 538 1131 magni
557 1045 767 1129 deficiantque
783 1046 888 1112 lacus:

91 1210 93 1215 ‚
190 1162 228 1205 ac
244 1139 391 1205 madidus
408 1140 537 1205 Baccho
557 1162 615 1204 sua
631 1139 712 1204 festa
729 1139 844 1204 Palilia
860 1150 968 1226 pastor

232 1234 390 1300 concinet:
408 1257 428 1298 a
445 1234 577 1298 stabulis
595 1245 670 1300 tunc
688 1235 799 1320 procul
817 1246 882 1301 este
900 1235 976 1321 lupi.

188 1328 242 1394 ille
259 1328 339 1394 levis
356 1328 491 1413 stipulae
509 1329 668 1394 sollemnis
686 1341 780 1414 potus
799 1352 928 1395 acervos

137 1438 174 1494 90
232 1423 393 1499 accendet,
411 1423 554 1487 flammas
572 1423 788 1507 transilietque
807 1445 924 1489 sacras.

189 1526 221 1582 et
237 1518 321 1582 fetus
338 1529 483 1582 matrona
501 1517 599 1594 dabit,
617 1528 774 1601 natusque
791 1519 915 1604 parenti

232 1612 341 1677 oscula
358 1611 551 1697 comprensis
570 1612 699 1677 auribus
718 1612 839 1697 eripiet,

188 1728 248 1771 nec
266 1706 406 1771 taedebit
424 1728 520 1771 avum
537 1727 636 1791 parvo
655 1706 829 1792 advigilare
847 1707 955 1792 nepoti

231 1800 390 1883 balbaque
408 1822 482 1865 cum
498 1822 597 1885 puero
616 1800 720 1865 dicere
738 1800 836 1864 verba
854 1823 973 1865 senem.

136 1905 264 1964 estune
282 1904 412 1979 operata
430 1894 489 1959 deo
506 1894 608 1979 pubes
627 1893 803 1958 discumbet
820 1893 854 1956 in
872 1892 982 1970 herba,

232 1988 352 2053 arboris
371 1987 519 2071 antiquae
537 2010 600 2070 qua
617 1987 698 2052 levis
714 1987 828 2051 umbra
846 1987 940 2063 cadit,

188 2093 244 2147 aut
261 2106 278 2148 e
296 2092 384 2147 veste
401 2105 459 2146 sua
476 2081 607 2146 tendent
623 2081 809 2146 umbracula
826 2081 916 2146 sertis

230 2178 344 2253 vincta,
363 2186 531 2241 coronatus
546 2175 643 2240 stabit
661 2186 692 2240 et
709 2185 782 2240 ante
800 2175 893 2240 calix.
986 2187 990 2199 '

187 2282 219 2336 at
238 2272 298 2336 sibi
315 2271 450 2355 quisque
468 2271 566 2356 dapes
583 2280 615 2335 et
632 2269 729 2335 festas
748 2281 886 2335 exstruet
904 2269 966 2335 alte

25 2372 28 2379 '
120 2373 171 2429 100
231 2366 423 2451 caespitibus
442 2387 567 2430 mensas
586 2364 841 2449 caespitibusque
858 2375 973 2429 torum.

186 2462 310 2546 ingeret
327 2460 379 2525 hic
395 2471 489 2545 potus
506 2458 630 2524 iuvenis
647 2459 815 2523 maledicta
832 2459 970 2544 puellae,

229 2555 396 2640 postmodo
414 2574 497 2638 quae
513 2553 595 2617 votis
612 2552 701 2617 irrita
718 2552 803 2617 facta
820 2552 910 2617 velit:

187 2673 262 2714 nam
280 2648 365 2713 ferus
383 2647 437 2712 ille
454 2669 531 2712 suas
549 2646 687 2732 plorabit
704 2646 828 2712 sobrius
846 2647 932 2711 idem

231 2753 263 2808 et
280 2766 314 2807 se
332 2741 449 2806 iurabit
466 2753 572 2806 mente
589 2740 688 2806 fuisse
705 2741 798 2806 mala.

28 2846 31 2851 ’
135 2851 170 2906 05
186 2860 266 2923 pace
283 2848 339 2900 tua
355 2848 486 2921 pereant
503 2858 595 2900 arcus
612 2845 805 2920 pereantque
824 2835 968 2920 sagittae,

117 2960 122 2997 t
229 2930 371 3008 Phoebe,
390 2930 484 2995 modo
502 2929 536 2994 in
552 2930 643 2994 terris
663 2940 745 2994 erret
762 2929 889 2993 inermis
907 2931 1018 2993 Amor.

115 3010 119 3091 i
187 3049 238 3091 ars
257 3026 355 3090 bona:
375 3024 431 3090 sed
448 3034 617 3110 postquam
635 3023 767 3108 sumpsit
786 3023 846 3087 sibi
863 3025 927 3088 tela
944 3021 1081 3107 Cupido,

115 3158 117 3163 ·
229 3118 372 3185 heuheu
390 3140 487 3202 quam
507 3117 614 3183 multis
633 3140 683 3182 ars
702 3117 787 3181 dedit
804 3117 866 3181 ista
882 3117 1014 3181 malum!

112 3208 116 3253 5
188 3225 219 3279 et
236 3213 314 3278 mihi
331 3213 512 3299 praecipue,
546 3212 635 3276 iaceo
654 3232 726 3276 cum
745 3211 870 3275 saucius
889 3234 1007 3276 annum

119 3320 171 3377 110
231 3318 262 3373 et
279 3308 373 3373 faveo
391 3307 513 3384 morbo,
531 3328 604 3372 cum
625 3306 715 3370 iuvat
731 3304 800 3391 ipse
818 3305 916 3381 dolor,

187 3424 288 3485 usque
307 3424 385 3467 cano
403 3401 577 3478 Nemesim,
595 3399 663 3465 sine
681 3421 746 3484 qua
762 3421 873 3464 versus
890 3398 969 3463 mihi
986 3400 1090 3464 nullus

97 3578 99 3583 Ι
230 3496 328 3561 verba
344 3506 448 3580 potest
465 3496 564 3560 iustos
582 3505 638 3559 aut
654 3493 792 3579 reperire
810 3493 917 3578 pedes.

96 3612 99 3639 ÷
187 3603 220 3656 at
237 3601 282 3668 tu,
300 3613 375 3655 nam
392 3589 501 3653 divum
519 3601 625 3654 servat
642 3588 741 3654 tutela
758 3600 880 3673 poetas,

98 3684 101 3775 ζ
229 3706 431 3771 praemoneo,
449 3684 515 3748 vati
531 3705 636 3768 parce,
654 3683 771 3769 puella,
789 3705 889 3761 sacro,

95 3784 100 3865 l
119 3791 170 3848 115
186 3790 222 3844 ut
239 3779 449 3845 Messalinum
467 3778 633 3854 celebrem,
651 3800 724 3842 cum
740 3778 881 3863 praemia
898 3776 973 3843 belli

88 3870 97 3981 p‘
229 3885 301 3940 ante
319 3896 394 3938 suos
413 3895 522 3938 currus
540 3871 657 3958 oppida
674 3872 758 3937 victa
776 3872 866 3949 feret,

82 3984 91 4063 t
186 3968 255 4056 ipse
273 3991 386 4055 gerens
403 3968 525 4033 lauros:
543 3966 632 4031 lauro
651 3966 815 4032 devinctus
834 3964 952 4051 agresti

216 4063 314 4125 miles
335 4062 397 4125 ‘io'
411 4085 530 4149 magna
548 4082 626 4128 voce
645 4060 830 4148 ‘triumphe'
849 4071 951 4126 canet.
