2566 4448
141 240 181 338 4ἱ
286 336 315 355 ,Α
452 265 516 287 ’Ν
592 260 678 340 11

142 431 207 473 non
225 431 381 493 agnamve
399 408 470 473 sinu
487 409 596 495 pigeat
612 400 753 475 fetumve
771 409 912 494 capellae

185 502 462 568 desertumoblita
479 514 580 568 matre
598 503 719 567 referre.
734 503 874 566 domum.

143 609 175 662 at
192 619 249 662 vos
267 596 383 681 exiguo
401 598 518 681 pecori,
529 597 686 680 >,furesque
703 596 843 682 lupique,

183 691 317 776 parcite:
337 689 376 754 de
393 712 510 777 magno
529 703 576 755 est
593 691 712 776 praeda
728 690 865 776 petenda
881 714 990 777 grege.
1041 728 1043 733 ·

90 790 124 844 35
141 785 193 849 hic
210 807 270 870 ego
288 796 509 868 pastoremque
526 807 633 850 meum
650 785 784 849 lustrare
802 796 879 867 quot
897 786 987 850 anuis
1045 856 1047 860 ,

184 889 215 943 et
233 878 389 964 placidam
407 880 493 943 soleo
509 900 659 965 spargere
676 878 759 943 lactc
776 879 897 951 Palem.

142 972 263 1049 adsitis,
281 972 355 1049 divi,
374 995 433 1038 uec
450 994 506 1036 vos
524 995 542 1037 e
560 994 698 1057 paupere
716 995 825 1037 mensa

185 1068 268 1131 dona
284 1089 345 1131 nec
363 1090 380 1131 c
398 1066 484 1150 puris
504 1067 640 1151 spernite
657 1066 815 1131 fictilibus.

141 1161 249 1226 fictilia
267 1161 413 1244 antiquus
432 1161 570 1244 primum
589 1161 649 1224 sibi
667 1160 743 1225 fecit
760 1161 893 1246 agrestis
909 1152 911 1157 ¹

38 1339 40 1342 y
89 1267 124 1320 40
184 1255 307 1340 pocula,
326 1255 365 1318 de
383 1254 469 1318 facili
488 1255 727 1340 composuitque
744 1255 819 1319 luto.
909 1327 910 1330 Ἴ

140 1370 205 1413 non
223 1370 283 1434 ego
302 1347 426 1412 divitias
444 1358 571 1432 patrum
588 1348 774 1430 fructusque
791 1348 927 1431 requiro,

184 1459 264 1524 quos
282 1441 354 1505 tulit
371 1441 500 1524 antiquo
520 1442 646 1506 condita
663 1441 774 1506 messis
793 1464 867 1506 avo:

141 1558 240 1621 parva
258 1558 349 1620 seges
366 1535 442 1599 satis
462 1549 519 1612 est,
538 1536 613 1599 satis
632 1546 690 1612 est,
708 1535 904 1618 requiescere
922 1537 1006 1602 lecto

184 1631 299 1694 silicet
318 1639 349 1693 et
366 1629 457 1694 solito
476 1630 618 1695 membra
636 1631 742 1696 levare
760 1641 837 1694 tore.

89 1735 124 1789 45
141 1745 237 1806 quarn
255 1725 343 1787 iuvat
360 1723 496 1789 immites
514 1716 625 1789 ventos
644 1724 753 1788 audire
771 1724 941 1789 cubantem

186 1828 217 1881 et
235 1817 395 1880 dominam
413 1829 521 1882 tenero
535 1818 730 1882 continuisse
748 1817 819 1880 sinu

141 1922 205 1986 aut,
224 1910 345 1996 gelidas
358 1910 514 1983 hibernus
532 1933 631 1994 aquas
649 1932 722 1974 cum
739 1910 990 1993 fuderitauster,

184 2027 330 2068 securum
348 2026 474 2068 somnos
491 2004 592 2069 imbre
602 2005 737 2068 'iuvante
755 2003 858 2086 sequil

141 2099 201 2162 hoc
218 2098 296 2161 mihi
313 2099 489 2182 contingat:
508 2098 549 2175 sit
566 2098 656 2162 dives
674 2098 753 2175 iure,
772 2099 910 2162 furorem

89 2206 124 2261 50
183 2191 240 2276 qui
257 2193 351 2256 maris
370 2203 401 2256 et
418 2191 624 2258 tristes‘ferrc'
641 2203 745 2278 potest
762 2193 897 2279 pluvias.

50 2300 67 2325 ⁴·
109 2280 111 2285 ’
141 2296 332 2371 oquantum
351 2297 399 2350 cst
415 2287 486 2351 auri
502 2296 613 2372 pereat
630 2287 798 2372 potiusque
816 2288 986 2373 smaragdi,

22 2418 29 2426 -
95 2437 127 2471 ἢ.
182 2382 279 2464 quam
296 2380 370 2447 fleat
388 2381 429 2444 ob
446 2393 569 2446 nostras
587 2381 652 2445 ulla
669 2382 775 2467 puella
792 2381 869 2446 vias.

140 2486 172 2540 te
189 2474 308 2539 bellare
326 2473 418 2540 decet
435 2484 528 2552 terra,
546 2475 710 2552 Messalla,
727 2475 880 2559 marique,

183 2578 219 2633 ut
237 2568 494 2652 domus'hostiles
512 2568 670 2653 praeferat
688 2568 834 2633 exuvias:

88 2676 124 2731 55
139 2684 191 2727 me
207 2662 342 2726 retinent
359 2661 501 2726 vinctum
518 2662 674 2732 formosae
692 2662 797 2726 vincla
813 2663 947 2746 puellae,

184 2767 215 2820 et
232 2755 328 2820 sedeo
347 2755 442 2820 duras
460 2755 575 2819 ianitor
592 2766 664 2820 ante
682 2755 778 2821 fores·
815 2750 818 2754 ’

140 2871 203 2914 non
222 2871 282 2934 ego
300 2848 422 2913 laudari
440 2870 527 2927 curo,
546 2873 617 2915 mea
633 2849 744 2914 Delia:
763 2861 867 2915 tecum

184 2944 261 3007 dum
278 2943 373 3007 modo
390 2942 597 3026 sim-quaeso
615 2944 722 3029 segnis
740 2944 886 3028 inersque
903 2967 1006 3009 vocer.

140 3047 172 3103 te
190 3048 341 3123 spectem,
360 3060 509 3122 suprema
525 3037 603 3101 mihi
621 3060 693 3103 cum
711 3039 831 3103 venerit
848 3037 936 3115 hora,

60 3194 63 3199 .
89 3147 124 3201 60
183 3143 216 3195 te
234 3143 360 3196 teneam
376 3132 512 3196 moriens
531 3131 696 3197 deficiente
714 3155 821 3197 manu.

35 3228 38 3233 ’
86 3279 88 3284 .
140 3225 230 3291 flebis
248 3237 279 3288 et
292 3228 406 3289 ⁴arsuro
423 3225 561 3311 positum
578 3249 639 3302 mc,
657 3225 762 3303 Delia,
780 3226 872 3302 lecto,

103 3322 106 3326 ’
184 3319 326 3399 tristibus
344 3328 376 3383 et
392 3318 528 3383 lacrimis
547 3319 655 3384 oscula
672 3319 771 3383 mixta
788 3319 888 3385 dabis.

27 3439 31 3446 ·
141 3413 244 3479 flebis:
263 3434 327 3476 non
344 3422 400 3477 tua
418 3426 491 3478 sunt
509 3414 587 3478 duro
606 3413 789 3498 praecordia
806 3412 889 3478 ferro

68 3572 72 3579 ,
185 3506 301 3582 vincta,
319 3528 378 3570 nec
395 3507 428 3570 in
446 3517 553 3571 tenero
572 3507 709 3572 stattibi
722 3508 821 3572 'corde
839 3508 936 3572 silex,
974 3512 977 3516 ’

28 3630 32 3637 ’
74 3596 124 3693 <sp
141 3601 194 3666 illo
212 3623 276 3664 non
293 3600 416 3664 iuvenis
434 3601 548 3685 poterit
566 3602 604 3666 de
622 3601 732 3666 funere
751 3602 920 3685 quisquam

182 3695 312 3768 lumina,
330 3716 394 3758 non
412 3694 513 3781 virgo,
528 3694 616 3760 'sicca
632 3695 749 3760 referre
767 3696 906 3761 domum.

66 3782 69 3787 ’
140 3801 176 3854 tu
193 3812 302 3853 manes
320 3811 361 3852 ne
378 3789 469 3853 laede
487 3810 585 3865 meos,
605 3789 661 3853 scd
678 3812 772 3873 parce
791 3791 901 3854 solutis
955 3823 959 3830 ‚

184 3883 322 3948 crinibus
342 3894 373 3947 et
391 3883 517 3960 teneris,
535 3882 641 3970 Delia,
658 3905 753 3968 parce
770 3883 870 3968 genis.

141 3978 270 4052 interea,
288 3977 364 4040 dum
382 3976 449 4041 fata
466 3976 582 4052 sinunt,
601 3976 770 4061 iungamus
788 3997 925 4040 amores:

90 4079 125 4136 to
183 4072 247 4138 iarn
265 4070 370 4137 veniet
387 4070 524 4138 tenebris
541 4077 626 4136 mors
644 4071 796 4159 adoperta
813 4080 921 4158 caput:
