2566 4448
577 140 626 196 16

95 285 169 328 neu
164 271 206 327 te
224 262 360 351 decipiat
376 272 467 340 nutu,
485 262 647 348 digitoque
664 262 819 347 liquorem

137 368 208 422 net
196 359 300 424 trahat
287 368 348 423 tet
365 381 494 445 mensae
512 358 632 423 ducat
623 383 656 422 ιιι
674 358 822 423 orbet
767 368 856 422 notas

96 440 194 547 exibit
181 463 308 536 tquam
326 477 430 539 saepe,
448 438 534 531 time,
553 476 610 517 seu
619 453 729 518 visere
747 405 867 517 dicet·
928 536 931 543 Ι

51 626 56 639 Ι
107 538 228 612 sacra
245 548 348 612 bonae
366 546 504 621 maribus
522 570 587 612 non
604 530 750 612 adeunda
768 548 855 612 deae
927 552 929 559 ’

87 701 89 703 ,
96 640 266 706 atmihi
241 665 268 706 ιι
286 642 405 720 credas,
421 641 508 717 illam
527 662 642 725 sequar
660 665 742 707 unus
759 641 902 723 aduras:

60 753 90 811 ᾖ,
139 744 214 800 tunc
232 734 309 799 mihi
325 737 504 802 nonoculis
523 736 563 801 sit
580 735 721 810 timuisse
734 735 825 802 meis.

98 848 202 913 saepe,
220 830 307 894 velut
323 852 465 914 gemmas
484 829 551 895 eius
570 829 760 916 signumque
778 826 955 917 probarem,

139 945 196 1007 per
213 945 341 989 causam
358 923 488 990 memini
504 946 556 988 me
573 924 874 1015 tetigissemanum:

34 1058 36 1062 ·
98 1038 192 1101 saepe
209 1039 295 1082 mero
314 1017 585 1103 somnum-peperi
606 1017 674 1095 tibi,
693 1029 725 1082 at
744 1017 812 1102 ipse
830 1016 979 1081 bibebam
1089 1107 1091 1111 Ι

140 1111 245 1180 sobria
258 1112 424 1201 supposita
441 1112 557 1197 pocula
573 1111 682 1177 victor·
692 1133 784 1195 aqua.

76 1235 80 1257 ι
97 1226 161 1269 non
178 1226 241 1292 ego·
256 1218 288 1271 te
305 1203 383 1272 laesi
400 1206 553 1292 prudens:
570 1205 701 1290 ignosce
719 1205 841 1272 fatenti.
889 1212 891 1215 ’

139 1298 230 1365 iussit
248 1323 350 1366 amor:
370 1311 478 1365 contra
495 1300 567 1384 quis
585 1299 667 1365 ferat
683 1314 772 1366 'arma
790 1300 891 1365 deos?

96 1393 149 1460 ille
164 1417 226 1480 ego
245 1417 327 1473 sum,
345 1416 404 1460 nec
422 1417 472 1459 me
489 1394 555 1460 iam
573 1394 676 1460 dicere
694 1418 770 1460 vera
786 1393 927 1479 pudebit,

139 1487 203 1552 inst
191 1488 341 1553 ttabta
295 1498 341 1553 tot
343 1512 361 1552 a
379 1487 443 1564 cui
448 1499 503 1553 tua
520 1499 612 1554 nocte
630 1489 726 1572 canis.

33 1674 41 1680 ἱ
98 1582 176 1665 quid
193 1592 300 1647 tenera
317 1582 407 1646 tibi
391 1582 527 1670 coniuge
545 1584 644 1669 opus?
666 1595 722 1649 tua
739 1607 766 1647 ιι
755 1583 867 1674 bona
884 1582 986 1648 nescis
1084 1575 1086 1580 ¹

76 1718 78 1725 ·
141 1699 277 1768 servare,
295 1674 412 1743 frustra
430 1677 526 1742 clavis
544 1678 626 1743 inest
642 1678 773 1742 foribus.

98 1782 129 1838 te
147 1783 243 1850 tenet,
261 1773 371 1838 absent
359 1783 406 1838 ets
425 1773 503 1838 alios
522 1772 658 1859 suspirat
677 1795 799 1838 amores
824 1826 826 1829 .

116 1914 118 1919 ν
141 1878 173 1933 et
190 1867 316 1936 simulat
334 1867 438 1955 subito
457 1868 662 1959 condoluisse
674 1878 779 1954 caput.
816 1931 823 1939 ,

10 1974 11 1977 ’
98 1973 130 2028 at
148 1962 225 2027 mihi
243 1964 431 2032 servandam
449 1963 655 2030 credas:.non
674 1986 769 2028 saeva
786 1984 897 2028 recuso

141 2057 282 2134 verbera,
301 2058 440 2123 detrecto
457 2081 521 2140 non
541 2081 600 2168 ego
619 2057 722 2123 vincla
739 2048 867 2142 pedum
911 2074 916 2087 ·

99 2163 167 2216 tum
182 2153 294 2236 procul
312 2152 430 2229 absitis‚
450 2154 591 2238 quisquis
610 2153 683 2218 colit
671 2164 735 2217 tar
736 2163 767 2217 te
785 2150 925 2255 capillos,

143 2256 174 2310 et
191 2244 261 2309 fluit
278 2241 378 2309 effuso
397 2245 449 2310 cui
467 2257 542 2331 toga
559 2247 674 2311 laxa
650 2270 734 2310 srnu:

99 2339 277 2425 quisquise
260 2348 460 2415 etoccurret,
477 2363 518 2404 ne
536 2341 636 2425 possit
653 2339 771 2404 crimen
789 2341 917 2449 habere,

50 2490 105 2527 &a
142 2432 330 2521 stet-procul
348 2457 388 2497 aa
391 2445 425 2509 te,
391 2433 552 2497 taliat
524 2444 586 2497 stet
602 2434 710 2519 procul
729 2458 768 2497 an
770 2444 801 2498 te
819 2434 879 2498 via.
967 2484 975 2501 .

81 2529 145 2595 ·sic
162 2527 229 2593 fieri
245 2528 335 2592 iubet
351 2526 420 2612 ipse
438 2527 526 2604 deus,
545 2526 591 2592 sic
607 2550 725 2612 magna
743 2527 889 2592 sacerdos

141 2635 189 2705 est
177 2622 283 2687 tmihi
301 2614 411 2686 divino
420 2621 596 2686 ¹vaticinata
614 2644 701 2691 sono.

99 2701 177 2784 haec
198 2717 254 2783 ubi
271 2716 422 2782 Bellonae
441 2726 528 2781 motu
547 2727 593 2781 est
612 2716 740 2802 agitata
759 2737 817 2792 nec
834 2723 939 2780 acrem

99 2813 311 2903 flammam,
333 2832 397 2875 non
414 2834 523 2876 amens
541 2810 673 2876 verbera
691 2820 773 2875 torta
790 2810 892 2875 timet:
958 2879 963 2888 ‚

97 2882 169 2991 ipsa
185 2906 321 2992 bipenne
340 2927 413 2969 suos
431 2904 534 2971 caedit
551 2892 668 2969 violent
656 2915 689 2969 ta
705 2882 864 2981 lacertos

143 3001 358 3085 sanguineque
376 2999 477 3065 effuso
495 2999 614 3086 spargit
602 2999 732 3063 tinulta
749 2999 856 3074 deam,

58 3169 62 3173 ,
100 3092 324 3177 statquelatus
342 3093 587 3178 praedicavere,
607 3103 668 3158 stat
686 3093 961 3178 sauciapectus

18 3236 35 3276 .'
56 3230 59 3237 ·
143 3197 175 3253 et
192 3187 275 3251 canit
293 3197 433 3292 eventus,
451 3209 530 3270 quos
549 3187 612 3251 dea
624 3211 741 3273 magna
759 3196 874 3250 monet

18 3307 23 3313 ·
67 3356 69 3361 .
93 3274 95 3280 '
100 3282 241 3369 ‘parcite
260 3303 355 3364 quam
372 3280 509 3346 custodit
525 3282 637 3358 Amor,
655 3280 772 3345 violare
790 3280 938 3368 puellam,

141 3399 182 3441 ne
199 3375 307 3461 pigeat
324 3398 440 3463 magno
458 3387 530 3461 post
547 3375 696 3440 didicisse
710 3374 803 3438 malo.

100 3470 248 3556 attigerit,
267 3469 374 3534 labent
361 3479 413 3533 tur
429 3490 515 3554 opes,
534 3469 727 3533 uttvulnere
735 3476 842 3554 nostro
885 3497 887 3501 ι
909 3537 920 3548 ‚

95 3628 97 3633 s
143 3563 281 3649 sanguis,
300 3572 336 3627 ut
351 3562 403 3627 hic
420 3562 522 3644 ventis
541 3561 747 3647 diripiturque
765 3561 863 3626 cinis?

39 3686 42 3691 ’
101 3671 131 3724 et
143 3660 211 3745 ‘tibi
223 3657 329 3724 nescio
348 3678 427 3740 quas
446 3656 534 3732 dixit,
552 3679 623 3720 mea
639 3655 744 3732 Delia,
763 3656 896 3740 poenas:

40 3755 42 3761 ’
146 3754 173 3818 si
188 3765 293 3818 tamen
311 3749 470 3826 admittas,
488 3750 528 3813 sit
545 3772 655 3837 precor
671 3750 725 3813 illa
742 3750 829 3814 levis.

101 3868 166 3910 non
183 3869 243 3932 ego
261 3858 292 3912 te
310 3856 551 3933 propterrparco
570 3844 637 3922 tibi,
661 3842 717 3909 sed
734 3854 794 3910 tua.
807 3856 907 3909 mater

143 3952 315 4007 memoret
332 3952 426 4025 atque
444 3937 507 4003 iras
521 3961 622 4010 ,ιιιιιιιι
638 3936 736 4004 vincit
754 3959 842 4005 anus.
