2566 4448
493 198 783 270 11110.11(1v4.5)
1103 177 1146 249 53

173 324 218 391 nil
234 348 315 411 opus
333 335 381 391 est
396 323 487 390 fletu:
504 324 641 390 lacrimis
659 323 717 389 erit
734 322 839 408 aptius
855 319 913 399 uti,
1162 315 1198 372 21

216 419 243 484 si
260 419 388 504 quando
405 417 501 484 fuerit
517 418 634 483 tristior
649 417 704 482 illa
720 417 787 483 tibi.

174 523 207 578 at
223 535 309 577 nune
326 524 392 578 tota
409 523 540 589 tuaest,
557 522 590 578 te
607 511 710 577 solum
728 509 863 577 eandida
880 530 988 574 seeum
1164 503 1198 559 l‘l

218 607 345 692 cogitat,
357 617 396 672 et
412 605 529 671 frustra
546 605 675 671 credula
691 605 785 669 turba
802 604 899 669 sedet.

174 697 317 776 Phoebe,
334 700 420 765 fave:
437 700 508 765 laus
525 721 642 785 magna
659 698 717 763 tibi
734 698 890 763 tribuetur
905 697 939 760 in
956 717 1020 761 uuo

218 815 348 879 corpore
365 804 489 859 servato
506 793 680 859 restituisse
698 793 787 857 duos.
1164 802 1200 857 20
1262 804 1265 809 ’

175 887 239 951 iam
257 888 390 965 celeber,
406 888 471 952 iam
488 888 590 952 laetus
607 887 679 963 eris,
698 908 772 950 eum
789 884 898 950 debita
914 883 1025 949 reddet
1165 887 1200 942 23

219 981 360 1046 certatim
377 982 492 1047 sanetis
510 982 612 1046 laetus
629 992 762 1063 uterque
779 979 868 1043 focis.

176 1084 251 1140 tune
267 1087 300 1141 te
316 1074 441 1142 felicem
460 1074 543 1140 dieet
559 1075 613 1160 pia
630 1075 724 1140 turba
741 1075 883 1150 deorum,

217 1171 373 1255 optabunt
389 1180 472 1236 artes
490 1180 522 1236 et
538 1169 600 1234 sibi
617 1170 751 1252 quisque
767 1179 848 1233 tuas.

177 1727 244 1810 Qui
261 1730 339 1796 mihi
356 1741 398 1808 te,
418 1728 579 1808 Cerintho,
599 1731 665 1796 dies
683 1730 781 1806 dedit,
800 1729 851 1794 hie
868 1729 945 1793 mihi
962 1739 1089 1794 sanetus

219 1826 412 1908 atque‘inter
429 1824 527 1890 festos
546 1846 671 1908 semper
687 1823 853 1888 habendus
871 1823 939 1888 erit.

176 1927 207 1982 te
223 1929 372 1983 nascente
388 1940 507 1983 novum
523 1918 645 1982 Parcae
663 1919 804 1983 cecinere
821 1917 935 2002 puellis

218 2013 381 2078 servitium
398 2023 431 2077 et
448 2012 603 2077 dederunt
619 2034 719 2096 regna
737 2011 874 2096 superba
891 2009 958 2075 tibi.

176 2127 251 2169 uror
267 2128 327 2190 ego
345 2116 418 2171 ante
436 2105 527 2171 alias:
545 2105 634 2170 iuvat
650 2105 722 2183 hoe,
741 2103 902 2182 Cerinthe‚
920 2105 1007 2188 quod
1023 2127 1107 2183 uror,
1184 2110 1202 2165 ὃ

220 2199 247 2262 si
264 2199 322 2262 tibi
339 2198 379 2263 de
395 2199 488 2263 nobis
506 2211 634 2263 mutuus
651 2198 735 2284 ignis
753 2199 851 2265 adest.

176 2303 305 2356 mutuus
324 2292 404 2355 adsit
422 2312 519 2368 amor,
537 2303 643 2377 perte
661 2293 842 2357 dulcissima
857 2292 943 2358 furta

219 2406 339 2470 perque
356 2396 427 2449 tuos
445 2387 553 2449 oeulos
570 2406 627 2469 per
644 2385 835 2469 geniumque
852 2408 941 2471 rogo,

175 2501 270 2544 mane
286 2478 371 2563 geni,
389 2500 467 2563 cape
484 2489 556 2542 tura
572 2478 673 2544 libens
691 2479 834 2562 votisque
851 2479 968 2556 favete,

219 2572 367 2649 simodo,
386 2594 458 2637 eum
476 2572 516 2637 de
532 2594 584 2637 me
602 2573 729 2657 cogitat,
747 2572 800 2637 ille
817 2573 908 2638 calm.
1167 2573 1202 2628 10

176 2668 262 2754 quod
280 2667 307 2732 si
324 2667 406 2733 forte
423 2667 501 2731 alios
518 2667 582 2731 iam
603 2689 688 2732 nune
710 2667 846 2752 suspiret
863 2690 996 2745 amores,

218 2775 294 2826 tune
311 2782 423 2846 precor
439 2759 564 2836 infidos,
582 2771 699 2838 sancte,
717 2762 858 2845 relinque
876 2761 974 2827 focos.

176 2878 235 2922 nee
252 2867 288 2921 tu
305 2854 347 2919 sis
364 2854 490 2933 iniusta,
509 2855 633 2921 Venus:
652 2856 703 2920 vel
720 2856 835 2921 serviat
853 2878 955 2940 aeque

219 2950 343 3015 vinetus
359 2959 491 3032 uterque
509 2948 576 3026 tibi,
595 2950 646 3014 vel
663 2972 734 3014 mea
751 2949 855 3016 vinela
871 2951 952 3016 leva.

178 3043 233 3109 sed
250 3043 354 3128 potius
372 3043 477 3108 valida
493 3053 657 3108 teneamur
673 3055 805 3127 uterque
823 3055 944 3122 eatena,
1167 3051 1201 3107 15

219 3138 306 3201 nulla
322 3146 418 3219 queat
433 3136 565 3221 posthae
582 3134 663 3223 (noa)
680 3138 812 3203 soluisse
831 3138 907 3203 dies.

177 3240 265 3316 optat
280 3229 366 3294 idem
382 3229 505 3295 iuvenis
522 3231 608 3314 quod
626 3252 693 3308 nos,
712 3231 767 3296 sed
785 3232 897 3296 tectius
915 3241 1016 3317 optat:

219 3346 293 3388 uam
310 3323 408 3408 pudet
424 3323 503 3389 haee
520 3325 610 3388 illum
627 3324 731 3390 dicere
748 3325 845 3389 verbs
862 3327 978 3410 palam.

176 3429 210 3485 at
227 3429 272 3494 tu,
289 3417 413 3494 natalis,
431 3418 580 3501 quoniam
597 3418 676 3482 deus
694 3419 799 3482 omnia
817 3420 922 3496 sentis,

219 3512 337 3577 adnue:
354 3511 433 3596 quid
448 3511 554 3588 refert,
573 3513 694 3578 clamne
712 3514 857 3598 palamne
875 3514 984 3599 roget?
1165 3521 1201 3580 20
