2566 4448
213 173 254 236 14
614 246 616 250 Α
674 161 764 245 ιιι

212 318 244 374 ιιι
262 319 297 373 ιιι
314 311 563 394 quamprimum
580 335 677 399 sagae
695 323 863 398 praccepta
880 315 1002 399 rapacis

160 420 195 474 60
255 404 377 469 desere:
389 427 469 468 -nam
488 405 578 470 donis
595 407 731 471 vincitur
747 407 849 472 omnis
868 432 965 474 amor.

211 521 332 583 pauper
350 498 409 563 erit
425 512 550 584 praesto
568 523 691 586 semper
708 501 779 566 tibi:
797 525 918 587 pauper
934 464 1033 568 adibit

254 616 374 678 prunus
392 604 423 658 e
439 595 473 657 in
491 606 598 660 tenero
616 596 697 661 fixus
716 597 774 661 erit
762 598 919 662 ιιΙιιιοιο

212 710 332 773 pauper
348 687 381 750 in
399 700 534 773 angusto
551 690 633 753 lidus
652 712 756 756 comcs
775 691 930 801 agminet
918 693 1028 757 turbae

136 845 168 877 ὦ
255 781 389 845 subiciet
376 792 452 866 tque
469 806 581 874 manus
600 784 714 849 efficiet
702 795 777 867 tque
795 786 893 850 viam:

161 893 195 947 65
212 899 333 961 pauper
351 876 390 940 ad
409 879 511 942 occult
500 889 548 942 tos
565 878 639 942 furt
618 890 674 942 tim
692 879 827 944 deducet
845 879 962 944 amicos

254 971 420 1055 vinclaque
439 972 527 1036 de
496 994 588 1036 nrveo
607 973 659 1038 det
659 973 833 1059 rahet1pse
851 975 942 1058 pede.

212 1064 275 1130 heu
293 1065 434 1129 canimus
452 1065 533 1130 frust
521 1077 579 1143 tra,
596 1088 655 1131 nec
672 1068 775 1132 verbis
793 1068 877 1133 victa
893 1069 1025 1154 patescit

253 1159 358 1236 ianua,
377 1160 434 1224 sed
451 1161 544 1268 plena
562 1173 608 1225 est
625 1162 831 1245 percutiende
846 1185 952 1226 manu.

213 1264 275 1318 att
276 1277 307 1330 u,
326 1253 380 1336 qui
397 1254 500 1338 potior
517 1277 602 1318 nunc
619 1278 663 1332 es,
681 1279 753 1321 mea
770 1255 867 1322 fatat
854 1257 976 1321 timeto:

47 1382 50 1386 ’
140 1365 195 1419 ,70
254 1359 398 1412 versatur
416 1349 509 1413 celeri
526 1349 607 1413 Fors
624 1349 703 1415 levis
722 1350 798 1416 orbe
816 1361 913 1415 rotae.

211 1464 275 1506 non
292 1441 410 1506 frustra
426 1442 556 1525 quidam
572 1443 740 1508 iam'nuno
757 1444 790 1527 iu
807 1445 915 1509 limine
932 1453 1051 1531 perstat

254 1535 382 1600 sedulus
400 1557 438 1600 ac
456 1536 565 1600 crebro
583 1537 732 1622 prospicit
750 1560 787 1622 ec
804 1538 931 1623 refugit,

211 1641 242 1694 et
259 1630 384 1695 simulat
401 1631 534 1697 transire
551 1631 690 1710 domum,
708 1654 782 1696 mox
799 1633 912 1697 deinde
929 1633 1059 1698 recurrit

109 1723 119 1771 Γ
167 1734 205 1781 “.
246 1723 339 1790 'solus
357 1736 388 1790 et
406 1736 478 1791 ante
495 1725 579 1811 ipsas
598 1738 740 1791 exscreat
756 1749 857 1812 usque
875 1727 967 1792 fores.

119 1871 123 1877 .
161 1836 194 1891 75
211 1821 316 1885 nescio
334 1819 412 1904 quid
428 1819 564 1885 furtivus
575 1843 671 1885 amor
688 1831 787 1907 parat.
824 1832 912 1886 utere
930 1843 1059 1904 quaeso,
1122 1872 1124 1877 ι

255 1915 330 1978 dum
346 1914 434 1979 licet:
452 1915 485 1978 in
502 1912 622 1996 liquide
639 1927 699 1978 uat—
710 1915 767 1978 tibi
784 1914 877 1980 linter
894 1936 987 1998 aqua.

689 2257 749 2324 VI.

106 2377 109 2382 ’
212 2384 355 2470 Semper,
373 2395 409 2449 ut
425 2384 566 2462 inducar,
584 2385 718 2450 blandos
736 2385 831 2450 offers
848 2384 925 2449 mihi
937 2384 1063 2463 uultus,
1093 2449 1095 2454 ,
1129 2391 1131 2395 ’

253 2490 326 2568 post
342 2489 450 2545 tamen
467 2503 500 2545 es
518 2479 631 2544 misero
649 2479 795 2545 tristiset
815 2479 916 2564 asper,
935 2481 1045 2558 Amor.

150 2621 153 2629 «
212 2574 318 2658 quidt
306 2574 363 2640 tibi
380 2573 480 2639 saevit
481 2574 530 2639 iae
547 2597 672 2639 mecum
690 2585 738 2639 est
725 2575 755 2638 t?
774 2596 815 2638 an
832 2575 932 2659 gloria
949 2597 1066 2659 magna
1083 2585 1130 2638 est
1163 2602 1166 2611 .

253 2669 383 2733 insidias
401 2669 520 2733 homini
538 2669 751 2754 composuisse
770 2668 883 2732 deum?

177 2781 293 2838 anam
302 2763 379 2826 mihi
396 2763 530 2828 tendunt
518 2774 568 2828 tur
586 2785 704 2828 casses·
723 2762 787 2827 iem
803 2761 899 2827 Delia
906 2746 1027 2827 furtim

253 2856 360 2922 nescio
378 2868 503 2940 quemt
491 2858 587 2924 tacita
604 2858 717 2923 callida
733 2864 826 2921 nocte
794 2856 972 2921 te.fovet
1073 2920 1074 2924 ,

211 2952 265 3016 illa
271 2951 410 3061 quidem
426 2952 502 3015 milri
513 2950 624 3016 cuncta
615 2964 746 3043 negat,
764 2952 821 3016 sed
838 2951 965 3016 credere
983 2930 1096 3015 durum
1115 2964 1175 3018 est:
1273 2963 1278 2977 “

254 3046 300 3111 sic
317 3045 411 3110 etiam
430 3045 469 3109 de
487 3068 537 3109 me
555 3035 708 3130 peruegat
725 3067 826 3129 usque
844 3045 921 3109 viro.
1029 3078 1031 3081 ·

210 3141 279 3225 ipse
297 3141 392 3204 miser
408 3139 511 3216 docui,
530 3161 594 3223 quo
611 3150 717 3224 posset
733 3139 843 3204 ludere
860 3150 953 3224 pacto

161 3251 195 3304 10
210 3237 217 3252 ⁴
255 3234 413 3299 custodes:
432 3234 494 3299 heu
511 3234 575 3298 heu
592 3255 679 3298 nunc
694 3243 820 3320 premor
837 3244 904 3312 arte
921 3255 1002 3298 mea.

211 3329 361 3413 fingeret
361 3351 424 3394 unc
441 3328 550 3402 didicit
567 3329 826 3405 causas,11tutsola
843 3327 983 3405 cubaret,

254 3422 381 3500 cardine
399 3421 479 3488 tunc
492 3422 586 3488 tacito
604 3434 725 3487 vertere
743 3443 835 3519 posse
853 3421 951 3486 fores:

211 3527 287 3581 tunc
305 3539 397 3582 sucos
402 3518 611 3626 herbasque
611 3517 693 3613 dedi,
712 3516 782 3600 quis
799 3498 878 3586 livor
895 3515 1006 3594 abiret,

253 3632 347 3711 quem
366 3600 468 3676 facit'
429 3606 611 3696 t1mpresso
629 3607 697 3681 mut
697 3635 740 3676 ua
684 3611 851 3676 ttdene
868 3610 990 3676 Venus
1077 3640 1079 3644 ³

62 3776 66 3783 ⁴
160 3714 243 3775 Ibat
160 3704 305 3784 Ιιιιι,
323 3705 447 3770 fallacis
463 3705 599 3770 coniunx
616 3706 741 3770 incaute
752 3705 908 3790 puellae,

54 3828 57 3833 ·
254 3823 304 3864 me
322 3822 450 3884 quoque
467 3809 600 3875 servato,
618 3810 728 3884 peccet
746 3811 781 3862 ut
798 3799 851 3863 illa
868 3799 955 3863 nihil.

145 3914 169 3933 ¹·
211 3915 273 3978 neu
291 3894 420 3960 iuvenes
434 3894 575 3960 celebret
592 3893 692 3981 multo
660 3904 864 3971 tsermone,
882 3901 1002 3969 caveto,

114 3999 131 4058 ξ’·
183 4000 193 4031 “-
250 3993 333 4054 neve
351 3991 445 4056 cubet
462 3991 535 4054 laxo
552 3976 662 4073 pectus
681 3999 790 4077 aperta
807 3988 887 4063 sinu,
