2566 4448
337 747 528 831 LIBER
559 748 895 834 SECUNDUS.

606 1003 634 1069 L
714 1098 720 1115 ι

110 1120 263 1252 Quisquis
281 1159 379 1234 adest,
397 1158 517 1223 faveat:
536 1104 647 1243 fruges
664 1156 835 1222 lustramus
855 1170 886 1224 et
903 1182 1007 1246 agros,
1060 1245 1064 1250 Ι
1173 1144 1177 1153 ’

151 1251 229 1316 ritus
247 1264 282 1317 ut
299 1276 318 1316 a
335 1252 470 1337 priscot
457 1251 592 1316 traditus
611 1261 714 1317 exstat
732 1273 802 1315 avo.

109 1344 245 1421 Bacche,
265 1345 348 1422 veni,
367 1345 561 1429 dulcisquet
561 1344 611 1409 uis
631 1368 648 1409 e
667 1345 815 1409 cornibus
833 1368 898 1411 uva

151 1439 298 1523 pendeat,
318 1451 349 1504 et
364 1439 460 1548 spicis
479 1451 623 1523 tempora
640 1438 743 1524 cinge,
763 1436 871 1505 Ocres
1039 1520 1042 1527 Ι

108 1529 180 1597 luce
199 1555 287 1597 sacra
304 1534 482 1616 requiescat
469 1533 635 1608 ιιιιιιιιιιι,
644 1532 823 1616 requiescat
841 1544 956 1612 arator,

152 1636 182 1691 et
200 1649 297 1712 grave
315 1650 469 1712 suspenso
488 1649 617 1692 vomere
634 1633 736 1691 cesset
755 1649 845 1735 opus.

108 1719 202 1785 solvit
190 1731 221 1786 te
239 1721 368 1787 vincla
360 1723 458 1808 mgis:
476 1744 562 1786 nunc
579 1721 621 1785 ad
638 1720 805 1806 praesepia
822 1721 940 1787 debent

150 1810 245 1899 plena
262 1828 410 1899 coronato
429 1826 512 1881 stare
529 1816 628 1880 boves
646 1815 760 1900 capite.

109 1909 215 1973 omnia
232 1910 295 1974 sint
312 1922 442 1997 operata
459 1911 537 1976 deo·
551 1931 616 1974 non
634 1910 751 2000 audeat
767 1910 834 1975 ulla

151 2002 309 2070 lanificam
325 2005 431 2091 pensis
448 2005 636 2090 imposuisse
653 2027 809 2069 manum,

108 2102 166 2160 'vos
184 2119 310 2181 quoque
328 2098 438 2163 abesse
455 2100 566 2184 procul
582 2098 689 2175 iubes,
708 2098 850 2163 discedat
867 2100 908 2163 ab
927 2101 999 2178 aris,
1023 2159 1024 2162 ,

153 2191 204 2255 cui
221 2191 293 2256 tulit
310 2191 457 2256 hesterna
474 2192 593 2276 gaudia
610 2194 842 2258 nocte'Venus.
912 2251 915 2258 ,

110 2296 197 2350 casta
213 2287 340 2371 placent
358 2286 494 2394 superis:
510 2309 594 2371 pura
611 2309 684 2351 cum
702 2299 791 2351 veste
808 2289 913 2354 venite

92 2393 139 2474 χ
151 2391 183 2445 et
199 2380 347 2447 manibus
364 2380 452 2465 puris
470 2380 584 2445 sumite
601 2379 679 2444 font
658 2391 698 2444 ιιι
715 2403 880 2464 aquam·
967 2453 970 2458 ,

101 2475 237 2573 cernite,
256 2474 416 2560 fulgentes
434 2484 469 2538 ut
488 2484 539 2539 eat
557 2496 645 2539 sacer
662 2497 764 2560 agnus
783 2474 824 2538 ad
843 2497 912 2538 aras

94 2581 98 2589 “
150 2567 320 2651 vinctaque
338 2579 411 2653 post
429 2568 500 2632 olea
518 2568 653 2633 candida
670 2565 809 2632 turba
786 2590 918 2633 comas.-
978 2563 980 2567 ’

110 2661 142 2725 di
158 2661 261 2747 patrii,
278 2684 454 2747 purgamus
472 2685 576 2748 agros,
594 2685 769 2747 purgamus
787 2667 943 2748 agrestes:

105 2799 110 2839 ¹
152 2777 208 2819 vos
219 2756 310 2829 ¹mala
328 2756 369 2820 de
386 2756 502 2820 nostris
519 2757 626 2841 pellite
644 2757 807 2833 limitibus,

103 2846 173 2922 'neu
191 2872 281 2934 seges
299 2850 407 2915 eludat
424 2865 560 2916 messem
577 2849 745 2915 fallacibus
763 2850 879 2928 herbis,

151 2963 214 3005 neu
231 2942 340 3015 timeat
357 2945 474 3010 celeres
493 2944 612 3009 tardior
629 2967 714 3028 agna
731 2945 833 3029 lupos.

109 3046 185 3117 tunc
202 3034 322 3101 nitidus
340 3039 441 3123 plenis
460 3039 597 3103 confisus
615 3038 751 3118 rusticus
769 3037 854 3123 agris
957 3084 960 3089 -

150 3129 274 3215 ingeret
291 3131 414 3211 ardenti
431 3130 669 3219 gr'a'ndialigna
686 3133 769 3208 socc,
814 3191 816 3196 .

102 3224 265 3311 turbaque
282 3228 460 3302 vernarum,
479 3225 578 3290 saturi
595 3226 721 3290 bona
697 3248 789 3311 s1gna
806 3225 919 3302 coloni,

150 3316 289 3384 ludett
257 3328 289 3383 et
307 3341 346 3382 ex
362 3319 461 3406 virgis
480 3343 535 3397 ιιι
537 3332 621 3385 truet
638 3331 711 3384 ante
730 3341 828 3383 casas.

108 3426 260 3478 eventura
277 3434 402 3497 precor.
421 3413 516 3478 viden
533 3404 569 3477 ιιι
586 3413 804 3478 felicibus-t
751 3423 804 3477 ext
804 3412 831 3477 is

133 3507 305 3593 significet
323 3506 463 3592 placidos
481 3519 561 3584 nunt
562 3507 593 3570 ia
549 3507 691 3570 tfibra
709 3506 835 3571 deos?·

108 3623 193 3667 nunc
209 3600 286 3665 mihi
303 3601 445 3665 fumosos
464 3601 579 3665 veteris
597 3597 735 3687 proferte
751 3602 904 3667 Falernos
946 3654 948 3656 v
1026 3594 1030 3606 ’

152 3696 287 3779 consulis
306 3707 338 3760 et
325 3694 439 3760 tChio
458 3695 570 3760 solvite
587 3696 691 3761 vincla
708 3695 797 3760 cado.

108 3787 183 3852 vina
191 3772 285 3857 diem
301 3791 475 3856 celebrent:
449 3799 559 3854 tnou
575 3791 656 3854 festa
672 3791 744 3854 luce
761 3778 891 3856 madere
983 3826 989 3837 ‚.
1056 3787 1059 3791 ’

151 3893 199 3948 ιιι
194 3862 323 3965 rubor,
339 3897 444 3953 errant
446 3908 480 3952 es
498 3897 530 3952 et
547 3886 629 3953 male
646 3885 730 3952 ferre
746 3883 855 3972 pedes
