2566 4448
530 223 574 278 111
590 223 607 279 t
625 221 676 291 (lv
692 222 719 292 1)

115 362 147 418 01
165 350 305 434 quinque
321 348 355 412 in
373 356 480 432 partes
497 356 563 411 toto
581 343 756 430 disponitur
773 344 860 409 orbe.

115 455 209 528 atque
228 444 310 508 duae
328 441 436 528 gelido
453 450 617 505 vastantur
633 439 751 524 frigore
770 459 906 523 semper:

113 539 179 603 illic
196 548 228 602 et
246 537 345 601 densa
362 536 455 600 tellus
472 533 676 599 absconditur
693 532 815 609 umbra,

115 642 147 696 et
163 632 252 695 nulla
268 630 395 715 incepto
411 628 586 713 perlabitur
602 626 688 691 unda
705 626 836 708 liquore,

116 725 172 789 sed
190 724 302 788 durata
318 725 399 809 riget
417 722 549 788 densam
565 721 598 786 in
615 720 813 806 glaciemque
830 717 1010 802 niuemque,

116 817 233 903 quippe
250 818 306 881 ubi
322 839 385 881 non
403 837 555 899 umquam
572 814 668 879 Titan
686 836 781 899 super
798 812 899 899 egerit
916 825 1014 876 ortus.

116 922 148 976 at
165 912 270 976 media
287 922 334 977 est
350 911 475 975 Phoebi
493 931 617 994 semper
634 908 776 973 subiecta
793 906 899 982 calori,

116 1028 172 1070 seu
189 1005 317 1090 propior
333 1004 424 1069 terris
442 1003 597 1068 aestivum
615 1002 715 1068 fertur
731 1002 765 1066 in
783 1001 893 1066 orbem

115 1122 173 1163 seu
190 1100 271 1164 celer
288 1099 435 1163 hibernas
453 1107 603 1183 properat
619 1096 785 1161 decurrere
802 1096 904 1161 luces:

115 1215 179 1257 non
195 1192 292 1278 igitur
308 1214 417 1277 presso
434 1193 527 1256 tellus
546 1190 688 1276 exsurgit
705 1200 819 1266 aratro,

115 1309 174 1352 nec
191 1287 317 1373 frugem
336 1297 461 1372 segetes
478 1285 634 1370 praebent
650 1306 754 1367 neque
771 1283 889 1368 pabula
906 1294 1023 1348 terrae:

114 1403 178 1445 non
196 1381 258 1444 illic
277 1380 351 1443 colit
369 1401 444 1442 arva
462 1378 551 1457 deus,
569 1378 757 1442 Bacchusue
775 1374 925 1454 Ceresue,

114 1474 202 1538 nulla
218 1496 277 1538 nec
296 1485 423 1538 exustas
441 1473 585 1537 habitant
603 1473 751 1537 animalia
768 1483 883 1557 partes.

115 1568 226 1631 fertilis
245 1567 326 1630 hanc
343 1568 424 1630 inter
441 1567 543 1651 posita
561 1578 609 1632 est
626 1567 770 1649 interque
787 1565 943 1650 rigentem

115 1673 285 1742 nostraque
303 1671 334 1725 et
351 1660 425 1724 huic
442 1660 575 1725 aduersa
593 1661 660 1724 solo
677 1682 752 1744 pars
770 1659 870 1724 altera
886 1669 1004 1737 nostr0,

114 1777 193 1838 quas
213 1754 321 1818 similis
340 1755 498 1837 utrimque
516 1766 626 1818 tenens
644 1753 760 1816 vicinia
777 1752 857 1818 caeli

114 1858 278 1932 temperat;
295 1848 374 1912 alter
392 1858 423 1911 et
440 1847 569 1913 alterius
587 1848 670 1913 uires
688 1857 780 1912 necat
799 1869 867 1911 aer:

114 1943 187 2007 hinc
204 1941 347 2026 placidus
364 1941 455 2006 nobis
472 1965 530 2027 per
547 1956 690 2026 tempora
707 1940 839 2006 vertitur
856 1961 972 2007 annus:

113 2036 187 2099 hinc
204 2045 236 2098 et
253 2035 333 2098 oolla
351 2035 427 2120 iugo
445 2034 555 2100 didicit
573 2036 756 2101 submittere
774 2045 883 2100 taurus

116 2138 146 2191 st
163 2128 248 2191 lenta
266 2128 406 2192 excelsos
424 2128 496 2193 uitis
514 2130 727 2195 conscendere
743 2150 859 2207 ramos,

115 2220 325 2302 tondeturque
343 2243 434 2304 seges
451 2233 591 2286 maturos
610 2246 715 2288 annua
732 2233 853 2308 partus,

114 2325 146 2379 01
163 2313 247 2378 ferro
264 2314 368 2390 tellus,
386 2326 501 2398 pontus
520 2316 709 2380 confinditur
727 2338 809 2392 1010,

114 2408 192 2491 quin
210 2406 305 2471 etiam
322 2409 448 2471 structis
467 2421 642 2494 exsurgunt
660 2409 778 2494 oppida
795 2409 902 2472 muris.

114 2523 190 2587 ergo
209 2501 264 2564 ubi
282 2502 459 2586 praeclaros
477 2514 608 2586 poscent
625 2514 680 2568 tua
698 2503 783 2568 facta
800 2503 984 2588 triumphos,

114 2598 199 2660 solus
217 2606 351 2677 utroque
369 2596 455 2661 idem
473 2596 586 2662 diceris
603 2620 739 2683 magnus
756 2597 790 2662 in
807 2598 893 2662 orbe.

155 2712 219 2754 non
237 2710 297 2774 ego
315 2712 386 2754 sum
404 2691 479 2754 satis
497 2691 539 2755 ad
556 2702 661 2756 tantae
678 2691 847 2777 praeconia
864 2691 978 2767 laudis,

113 2783 180 2867 ipse
197 2783 274 2846 mihi
290 2798 355 2847 non
373 2784 400 2847 si
416 2785 610 2868 praescribat
627 2786 766 2850 carmina
783 2785 944 2851 Phoebus.

115 2876 246 2952 esttibi,
264 2878 319 2959 qui
336 2877 435 2962 possit
453 2877 577 2964 magnis
595 2901 629 2943 se
647 2880 811 2966 accingere
829 2880 935 2956 rebus,

114 2968 261 3053 Valgius:
280 2982 407 3036 aeterno
424 2973 552 3057 propior
569 2994 633 3037 non
650 2975 729 3038 alter
745 2975 895 3039 Homero.

112 3062 265 3146 languida
281 3086 345 3129 non
361 3077 468 3131 noster
485 3067 609 3152 peragit
625 3067 715 3132 labor
733 3069 806 3146 otia,
825 3067 969 3152 quamuis

113 3157 250 3232 fortuna,
269 3167 304 3221 ut
320 3180 388 3223 mos
406 3170 454 3224 est
470 3160 526 3237 illi,
544 3184 595 3226 me
613 3162 746 3227 aduersa
763 3163 884 3248 fatiget.

112 3273 188 3316 nam
205 3249 292 3327 mihi,
311 3273 384 3315 cum
400 3255 524 3339 magnis
544 3256 657 3341 opibus
675 3256 788 3320 domus
806 3257 870 3321 alta
885 3256 1007 3334 niteret,

113 3345 164 3409 cui
181 3344 308 3408 fuerant
324 3345 398 3409 flaui
417 3347 552 3413 ditantes
570 3350 680 3414 ordine
698 3349 778 3414 sulci

112 3438 225 3503 horrea
241 3437 393 3503 fecundas
411 3441 453 3505 ad
470 3441 648 3506 deficientia
664 3442 785 3519 messis,

112 3532 227 3616 cuique
243 3554 341 3617 pecus
359 3531 457 3598 denso
474 3535 648 3619 pascebant
666 3536 792 3621 agmine
811 3538 916 3615 colles,

112 3636 143 3690 01
161 3626 288 3690 domino
307 3625 384 3690 satis
402 3637 434 3692 et
450 3627 582 3692 nimium
600 3630 725 3714 furique
742 3633 891 3718 lupoque,

111 3741 197 3784 nunc
214 3720 405 3785 desiderium
423 3733 579 3805 superest:
597 3748 672 3789 nam
690 3748 767 3790 cura
783 3738 928 3803 novatur,

112 3833 186 3876 cum
202 3825 412 3879 memorante
431 3826 518 3879 actos
536 3840 660 3904 semper
679 3819 767 3884 dolor
785 3820 931 3884 admonet
950 3844 1059 3888 annos.

112 3906 169 3971 sed
185 3907 258 3973 licet
274 3910 434 3994 asperiora
451 3910 565 3975 cadant
582 3914 759 3998 spolierque
776 3913 901 3989 relictis,

110 4024 175 4067 non
193 4012 223 4065 11
241 4001 387 4071 deficient
403 4015 529 4072 nostrae
546 4029 726 4074 memorare
741 4006 926 4074 (1111101110.
974 4083 1000 4137 3⁴

163 4102 266 4147 durum.
