2566 4448
209 212 269 278 ¹30
683 226 785 283 ssat

224 372 243 414 o
261 349 387 417 valcant
404 348 523 436 fruges,
542 372 583 414 ne
601 350 663 415 sint
680 351 775 416 modo
792 372 864 416 rure
881 351 1019 436 puellae:

188 478 192 487 ·
264 445 356 529 glans
374 443 447 518 alat,
466 453 497 507 et
514 443 618 529 prisco
635 466 723 509 more
741 445 890 508 bibantur
907 466 1017 527 aquae.

222 537 314 623 glans
332 536 410 600 aluit
427 546 559 614 veteres,
578 548 610 602 et
626 538 744 623 passim
762 560 885 623 semper
903 547 1062 603 amarunt:

172 642 207 699 to
265 630 343 714 quid
360 630 468 694 nocuit
486 631 590 695 sulcos
608 653 673 696 non
689 631 838 697 habuisse
856 633 960 697 satos?

222 735 308 802 tunc,
326 724 442 883 Qus
459 725 619 811 aspirabat
636 727 748 804 Amor,
765 726 938 811 praebebat
956 735 1063 811 aperte

263 819 360 883 mitis·
416 818 567 885 umbrosa
584 819 701 906 gaudia
718 820 801 885 valle
817 820 939 886 Venus.

222 914 327 979 nullus
346 924 413 979 erat
431 924 547 990 custos,
565 914 653 978 nulla
671 915 839 979 exclusura
856 914 997 980 dolentes

264 1008 374 1074 ianua:
392 1007 419 1072 si
437 1008 485 1073 fas
503 1017 561 1086 est,
579 1029 648 1073 mos
665 1030 777 1094 precor
794 1008 847 1074 ille
864 1008 941 1073 redi.

170 1104 205 1163 ‘15
544 1156 546 1160 .

263 1196 391 1263 horrida
407 1196 517 1262 villosa
534 1219 665 1283 corpora
682 1209 770 1263 veste
787 1208 909 1284 tegant:

220 1315 305 1357 nnnc
323 1292 350 1356 si
369 1291 477 1356 clausa
494 1315 565 1357 mea
583 1302 640 1369 est,
659 1290 686 1356 si
708 1292 799 1377 copia
817 1315 889 1357 rara
906 1291 1044 1368 videndi,

262 1385 326 1450 heu
343 1385 504 1462 miserum,
521 1385 628 1449 laxam
646 1385 724 1469 quid
741 1384 829 1450 iuvat
845 1408 913 1450 esse
931 1385 1056 1471 togam?

220 1479 340 1544 ducite:
359 1478 400 1543 ad
416 1477 585 1563 imperium
604 1478 749 1544 dominae
768 1479 960 1544 sulcabimus
978 1500 1084 1564 agros:

167 1587 204 1642 80
262 1594 327 1639 non
344 1594 405 1658 ego
422 1595 474 1638 me
491 1573 604 1639 vinclis
621 1572 870 1658 verberibusque
887 1595 980 1660 nego.

697 1923 757 1990 IV.

176 2082 179 2087 -
219 2043 284 2108 Hic
301 2042 379 2107 mihi
397 2042 560 2107 servitium
576 2042 668 2108 video
687 2042 909 2124 dominamque
927 2051 1083 2126 paratam:

261 2138 325 2203 iam
343 2137 429 2212 mihi,
448 2137 577 2201 libertas
594 2136 648 2200 illa
665 2147 807 2221 paterna,
826 2136 907 2200 vale.

219 2232 381 2297 servitium
400 2230 456 2294 sed
474 2230 562 2295 triste
580 2229 683 2316 datur,
701 2240 872 2314 teneorque
891 2230 1020 2307 catenis,

261 2337 291 2391 et
311 2345 486 2406 numquam
502 2324 617 2389 misero
635 2324 740 2389 vincla
757 2325 889 2390 remittit
906 2324 1018 2400 Amor,

183 2437 200 2491 5
218 2430 250 2484 et
267 2441 324 2483 seu
341 2418 418 2502 quid
435 2418 537 2482 merui
554 2440 612 2482 seu
629 2414 707 2502 quid
723 2417 936 2504 peccavimus,
954 2418 1027 2483 urit.

260 2535 343 2591 uror,
362 2513 403 2591 io,
422 2534 560 2590 remove,
579 2534 674 2578 saeva
691 2512 808 2597 puella,
827 2513 922 2577 faces.

218 2629 237 2672 o
256 2630 315 2693 ego
333 2630 374 2673 ne
381 2608 509 2694 possim
527 2607 605 2672 tales
623 2607 739 2671 sentire
756 2607 890 2681 dolores,

212 2692 238 2701 ”
260 2725 357 2787 quam
374 2702 501 2767 mallem
518 2701 552 2765 in
569 2701 682 2786 gelidis
700 2700 860 2765 montibus
878 2721 947 2764 esse
963 2697 1054 2784 lapis,

218 2808 300 2863 stare
317 2796 370 2862 vel
387 2796 505 2863 insanis
524 2806 631 2860 cautes
649 2794 788 2860 obnoxia
804 2793 918 2871 ventis,

166 2911 201 2965 10
259 2891 417 2976 naufraga
433 2911 530 2973 quam
547 2893 626 2954 ocati
642 2889 790 2955 tunderet
805 2889 892 2954 unda
910 2886 1019 2952 marist

216 3008 302 3051 nuno
320 2995 351 3050 et
369 3006 477 3049 amara
494 2983 561 3048 dies
580 2994 612 3049 et
627 2982 729 3048 noctis
747 2983 883 3049 amarior
899 2982 1013 3047 umbra
1031 2991 1092 3046 est:

259 3080 365 3145 omnia
381 3098 466 3143 nunc
483 3075 564 3142 tristi
581 3088 724 3163 tempora
740 3077 815 3143 felle
831 3077 970 3143 madent.

215 3198 275 3242 nec
292 3183 425 3261 prosunt
443 3171 525 3258 elegi
541 3194 601 3237 nec
619 3172 765 3237 carminis
783 3182 892 3237 auctor
910 3172 1041 3257 Apollo:

258 3271 313 3335 illa
330 3291 410 3335 cava
426 3267 563 3353 pretium
580 3266 702 3353 flagitat
719 3287 821 3349 usque
838 3288 945 3330 manu.

166 3378 200 3434 15
216 3364 259 3430 ite
277 3364 397 3451 procul,
414 3361 542 3440 Musae,
560 3361 588 3426 si
604 3383 669 3425 non
686 3360 841 3446 prodestis
859 3359 992 3425 amanti:

258 3480 324 3523 non
341 3478 401 3542 ego
419 3478 486 3533 vos,
504 3466 540 3520 ut
558 3455 620 3521 sint
637 3454 720 3521 bella
737 3454 889 3531 canenda,
908 3453 989 3532 colo,

216 3575 277 3619 nec
293 3551 395 3616 refero
413 3550 552 3633 solisque
569 3550 637 3614 vias
656 3560 687 3614 et
705 3548 817 3633 qualis,
834 3549 891 3613 ubi
908 3550 1018 3614 orbem

260 3644 440 3732 complevit,
457 3644 556 3709 versis
573 3643 650 3709 luna
667 3642 799 3710 recurrit
817 3642 916 3727 equis.
955 3698 959 3709 .
1045 3663 1049 3670 ·

217 3742 259 3808 ad
277 3739 438 3806 dominam
454 3738 563 3802 faciles
582 3737 684 3801 aditus
701 3759 758 3822 per
778 3737 918 3803 carmina
935 3758 1065 3822 quaero:

165 3851 201 3907 20
259 3836 303 3901 ite
321 3834 441 3920 procul,
459 3832 585 3907 Musae,
604 3831 631 3895 si
647 3830 727 3896 nihil
743 3832 803 3896 ista
820 3832 936 3896 valent.

216 3941 249 3996 at
265 3930 344 3994 mihi
360 3951 417 4014 per
434 3927 564 3993 caedem
583 3935 614 3990 et
631 3924 754 3990 facinus
772 3938 846 3990 sunt
864 3926 947 3989 dona
963 3924 1114 4009 paranda,

258 4047 300 4089 ne
317 4024 436 4088 iaceam
455 4022 595 4087 clausam
612 4019 724 4085 flebilis
743 4031 817 4085 ante
834 4019 977 4084 domum:
