2566 4448
153 154 193 220 18
614 169 671 224 rt.
686 171 704 226 8

149 290 212 356 huc
230 291 305 356 ades
323 302 355 357 et
370 294 492 378 panium
509 293 583 357 ludo
601 291 794 378 geniumque
811 294 933 361 choreis

97 391 132 446 50
192 386 377 451 concelebra
395 398 426 450 et
444 387 543 451 multo
562 398 704 472 tempore
721 388 819 454 funde
837 412 939 456 mero:

148 479 232 545 illius
251 491 282 546 et
299 480 398 545 nitido
416 481 534 546 stillent
550 492 715 568 unguenta
733 484 859 568 capillo,

193 585 225 639 et
243 575 344 660 eapite
362 585 394 640 et
411 576 491 640 collo
509 576 616 640 mollia
633 588 717 641 serta
734 588 832 662 gerat.

150 667 195 733 sic
212 668 319 733 venias
337 669 501 735 hodierne:
520 669 578 734 tibi
596 670 668 735 dem
687 672 764 734 turis
782 671 928 750 honores,

190 763 256 827 liba
273 773 304 828 et
321 764 491 850 Mopsopio
511 763 615 829 dulcia
632 765 726 829 melle
744 764 854 829 feram.

97 864 131 918 55
149 868 182 921 et
199 858 257 921 tibi
275 868 452 923 succrescat
468 859 583 943 proles,
601 880 683 942 quee
701 858 785 924 facta
802 860 941 945 parentis

191 962 308 1037 augeat
325 962 357 1018 et
374 952 458 1018 circa
475 962 537 1017 stet
554 953 736 1023 veneranda
753 976 870 1019 senem.

147 1069 207 1112 nec
225 1057 329 1112 taceat
346 1057 551 1112 monumenta
568 1046 649 1124 viae,
667 1069 761 1131 quem
779 1047 919 1112 Tuscula
937 1049 1029 1113 tellus

192 1140 389 1224 candidaque
407 1141 537 1224 antiquo
556 1141 674 1207 detinet
691 1141 778 1206 Alba
795 1142 869 1207 lare.

147 1257 285 1318 namque
303 1235 417 1321 opibus
436 1246 615 1321 congestat
616 1236 665 1300 uis
682 1235 734 1300 hic
751 1237 860 1322 glarea
878 1237 957 1301 dura

97 1334 131 1388 60
191 1330 349 1406 sternitur,
367 1328 419 1394 hic
432 1339 510 1453 apta
527 1330 630 1416 iungit
630 1353 668 1394 ur
686 1340 752 1394 arte
771 1330 858 1395 silex.

147 1434 179 1488 te
196 1425 280 1488 canit
298 1396 465 1510 agricola&
463 1447 581 1509 magna
599 1447 671 1489 cum
688 1425 810 1490 venerit
797 1426 906 1489 turbe

190 1542 289 1595 serus,
307 1471 497 1583 inoffensdm
515 1520 669 1584 rettulerit
657 1529 732 1602 qtue
749 1519 872 1605 pedem

148 1623 180 1678 at
197 1625 242 1690 tu,
260 1624 315 1677 nat
303 1613 374 1677 talis
392 1613 472 1678 mult
459 1624 509 1678 tos
527 1613 715 1679 celebrande
732 1636 788 1699 per
805 1636 915 1692 annos,

190 1707 352 1774 candidior
369 1729 494 1794 semper
511 1708 736 1792 candidiorque
754 1708 836 1774 veni.

610 2056 707 2123 VIII.

146 2176 220 2242 Non
239 2198 299 2262 ego
319 2175 413 2242 celari
430 2197 570 2262 possum,
588 2176 666 2260 quid
683 2186 780 2241 nutus
798 2176 931 2242 amantis

188 2271 305 2355 quidve
323 2271 425 2335 ferant
443 2270 511 2335 miti
528 2270 612 2335 lenia
629 2272 727 2335 verba
745 2292 833 2336 sono.

145 2387 206 2431 nec
222 2365 300 2429 mihi
318 2374 392 2429 sunt
410 2376 508 2430 sortes
526 2386 586 2430 nec
604 2365 730 2429 conscia
746 2365 827 2430 fibra
845 2365 986 2442 deorum,

189 2459 341 2544 praecinit
359 2470 490 2524 eventus
507 2481 567 2523 nec
585 2458 663 2522 mihi
680 2470 792 2524 cantus
810 2459 891 2524 avist

112 2553 215 2641 dipsa
231 2555 343 2620 Venus
361 2553 486 2639 magico
504 2552 672 2638 religatum
690 2552 838 2618 bracchia
854 2553 939 2618 nodo

189 2647 355 2734 perdocuit
372 2647 478 2712 multis
495 2669 559 2711 non
578 2647 645 2712 sine
663 2645 859 2712 verberibus.

148 2743 256 2808 desine
274 2741 485 2806 dissimulare:
505 2741 583 2806 deus
602 2740 760 2806 crudelius
777 2741 850 2817 urit,

189 2858 268 2920 quos
287 2835 374 2900 videt
391 2835 505 2900 invitos
524 2835 728 2901 succubuisse
747 2833 816 2899 sibi.

146 2932 224 3016 quid
241 2929 299 2996 tibi
315 2951 400 2994 nunc
417 2930 527 2994 molles
545 2931 674 3015 prodest
691 2928 825 2994 coluisse
843 2928 973 3014 capillos

96 3041 131 3095 10
192 3047 349 3111 saepeque
366 3034 502 3088 mutatas
521 3023 713 3109 disposuisse
731 3045 847 3101 comas,

147 3121 224 3204 quid
241 3120 315 3184 fuco
333 3119 517 3204 splendente
536 3141 634 3204 genas
652 3140 775 3195 ornare,
794 3117 872 3202 quid
889 3139 1013 3202 ungues

190 3214 317 3278 artificis
336 3213 429 3278 docta
447 3211 645 3277 subsecuisse
663 3213 778 3276 manu?

148 3310 264 3374 frustra
281 3308 346 3372 iam
362 3318 477 3384 vestes,
495 3307 612 3371 frustra
630 3316 792 3370 mutantur
810 3305 943 3371 amictus

190 3424 330 3486 ausaque
348 3423 544 3488 compressos
563 3400 692 3485 colligat
700 3412 768 3463 arta
784 3400 892 3486 pedes.

97 3504 131 3559 15
147 3499 201 3563 illa
218 3498 332 3583 placet,
351 3496 496 3580 quamvis
513 3495 631 3560 inculto
649 3493 770 3559 venerit
787 3516 841 3559 ore

189 3615 249 3658 nec
266 3591 402 3655 nitidum
421 3590 511 3654 tarda
529 3589 699 3675 compserit
716 3599 782 3653 arte
801 3599 905 3674 caput.

147 3713 225 3753 num
242 3697 274 3752 te
292 3685 494 3760 carminibus,
512 3708 589 3749 num
607 3696 638 3749 te
655 3683 845 3770 pallentibus
863 3681 970 3748 herbis

193 3782 320 3848 devovit
338 3779 433 3844 tacito
450 3790 590 3863 tempore
608 3779 709 3842 noctis
727 3780 825 3842 anus?

151 3890 262 3944 cantus
280 3874 391 3941 vicinis
409 3873 518 3958 fruges
537 3872 672 3937 traducit
690 3872 731 3937 ab
749 3871 845 3957 agris,

98 3978 133 4034 20
193 3982 303 4038 cantus
322 3980 353 4036 et
370 3969 469 4039 iratae
487 3967 606 4032 detinet
624 3967 738 4053 anguis
756 3966 825 4042 iter,
