2566 4448
531 259 658 316 PRIAP.
676 263 695 317 2

188 383 263 451 lieet
282 407 429 468 querare:
449 407 508 450 nec
525 386 583 449 tibi
601 396 690 450 tener
706 407 786 470 puer

189 480 310 564 patebit
327 479 420 556 ullus,
438 479 621 544 imminente
639 479 694 562 qui
711 492 780 544 toro

188 573 318 638 iuvante
335 584 438 637 verset
456 585 522 638 arte
539 573 690 638 mobilem
707 585 824 650 natem,

188 667 294 751 puella
311 690 370 732 nec
387 668 492 732 iocosa
509 679 541 732 te
557 668 621 733 levi
637 690 735 731 manu

190 759 310 825 fovebit
328 761 522 846 apprimetve
539 762 680 826 lucidum
698 761 810 826 femur.

189 854 301 918 bidens
319 857 421 920 amica
439 855 567 920 Romuli
585 855 669 921 senis
686 877 808 920 memor

189 961 326 1033 paratur,
344 950 427 1015 inter
445 961 513 1015 atra
531 951 620 1014 cuius
638 950 770 1037 inguina

189 1042 265 1109 latet
282 1044 404 1109 iacente
421 1044 547 1129 pantice
565 1044 691 1109 abditus
710 1065 822 1129 specus

189 1159 334 1224 vagaque
352 1139 435 1224 pelle
452 1149 564 1212 tectus,
584 1160 689 1202 annuo
712 1137 787 1223 gelu

191 1254 360 1297 araneosus
379 1232 502 1297 obsidet
519 1232 620 1296 forem
639 1232 727 1295 situs.

189 1325 248 1389 tibi
265 1327 344 1390 haec
361 1343 500 1411 paratur,
518 1336 554 1390 ut
571 1337 662 1391 tuum
680 1336 728 1390 ter
746 1336 800 1389 aut
817 1333 930 1408 quater

189 1432 278 1484 voret
295 1419 454 1505 profunda
470 1421 556 1485 fossa
572 1420 731 1485 lubricum
749 1430 853 1503 eaput.

190 1512 296 1577 licebit
314 1537 409 1598 aeger
427 1537 531 1599 angue
548 1514 662 1579 lentior
680 1514 787 1588 cubes,

191 1609 300 1671 tereris
318 1630 428 1691 usque,
447 1609 549 1674 donec
566 1632 585 1672 a
601 1608 697 1673 miser
713 1607 808 1672 miser

191 1701 369 1786 triplexque
387 1703 650 1788 quadruplexque
669 1700 828 1786 compleas
847 1723 986 1786 specum.

190 1797 339 1881 superbia
356 1797 417 1862 ista
433 1797 573 1883 proderit
590 1796 678 1873 nihil,
698 1796 791 1860 simul

190 1913 309 1976 vagum
327 1903 458 1956 sonante
475 1892 621 1956 merseris
639 1892 708 1955 luto
727 1900 833 1974 caput.

190 1986 268 2068 quid
286 1996 343 2062 est,
360 1987 463 2051 iners?
489 1987 618 2072 pigetne
635 1984 850 2050 lentitudinis?

189 2079 296 2143 licebit
313 2080 373 2145 hoc
390 2081 510 2144 inultus
529 2080 654 2144 auferas
674 2080 786 2145 semel:

191 2172 247 2235 sed
264 2173 316 2236 ille
333 2195 406 2237 cum
423 2173 539 2237 redibit
557 2196 671 2238 aureus
689 2195 778 2258 puer,

192 2265 284 2329 simul
303 2277 433 2330 sonante
452 2267 586 2330 senseris
603 2267 663 2330 iter
680 2266 772 2350 pede,

191 2358 313 2444 rigente
330 2383 447 2423 nervus
466 2360 601 2424 excubet
618 2360 761 2423 lubidine

191 2464 223 2517 et
240 2453 399 2535 inquietus
416 2453 548 2538 inguina
566 2453 684 2538 arrigat
701 2464 806 2516 tumor

192 2569 296 2630 neque
313 2548 444 2612 incitare
463 2560 564 2612 cesset
581 2569 683 2631 usque
702 2548 778 2610 dum
796 2545 873 2608 mihi

189 2642 301 2708 Venus
318 2641 426 2706 iocosa
442 2642 538 2706 molle
555 2641 676 2728 ruperit
692 2643 785 2706 latus.
