<?xml version="1.0" encoding="UTF-8"?>
<!DOCTYPE html PUBLIC "-//W3C//DTD XHTML 1.0 Transitional//EN"
    "http://www.w3.org/TR/xhtml1/DTD/xhtml1-transitional.dtd">
<html xmlns="http://www.w3.org/1999/xhtml" xml:lang="en" lang="en">
 <head>
  <title>
</title>
<meta http-equiv="Content-Type" content="text/html;charset=utf-8" />
  <meta name='ocr-system' content='tesseract 3.04.00' />
  <meta name='ocr-capabilities' content='ocr_page ocr_carea ocr_par ocr_line ocrx_word'/>
</head>
<body>
  <div class='ocr_page' id='page_1' title='image "./albiitibulliele00hillgoog_0033.png"; bbox 0 0 2566 4448; ppageno 0'>
   <div class='ocr_carea' id='block_1_1' title="bbox 342 925 847 1035">
    <p class='ocr_par' dir='ltr' id='par_1_1' title="bbox 342 925 847 1035">
     <span class='ocr_line' id='line_1_1' title="bbox 342 925 847 1035; baseline 0.006 -29"><span class='ocrx_word' id='word_1_1' title='bbox 342 925 564 1035; x_wconf 75' lang='lat' dir='ltr'>alana</span> <span class='ocrx_word' id='word_1_2' title='bbox 599 925 847 1010; x_wconf 76' lang='lat' dir='ltr'>uulnus,</span> 
     </span>
    </p>
   </div>
   <div class='ocr_carea' id='block_1_2' title="bbox 597 1180 625 1245">
    <p class='ocr_par' dir='ltr' id='par_1_2' title="bbox 597 1180 625 1245">
     <span class='ocr_line' id='line_1_2' title="bbox 597 1180 625 1245; baseline 0.036 -1"><span class='ocrx_word' id='word_1_3' title='bbox 597 1180 625 1245; x_wconf 93' lang='grc' dir='ltr'>Ι.</span> 
     </span>
    </p>
   </div>
   <div class='ocr_carea' id='block_1_3' title="bbox 18 1334 991 4055">
    <p class='ocr_par' dir='ltr' id='par_1_3' title="bbox 100 1334 786 1514">
     <span class='ocr_line' id='line_1_3' title="bbox 100 1334 786 1420; baseline 0.004 -22"><span class='ocrx_word' id='word_1_4' title='bbox 100 1334 239 1398; x_wconf 90' lang='lat' dir='ltr'>Divitias</span> <span class='ocrx_word' id='word_1_5' title='bbox 257 1335 338 1399; x_wconf 84' lang='lat' dir='ltr'>alius</span> <span class='ocrx_word' id='word_1_6' title='bbox 355 1335 444 1400; x_wconf 86' lang='lat' dir='ltr'>fulvo</span> <span class='ocrx_word' id='word_1_7' title='bbox 462 1334 523 1400; x_wconf 83' lang='lat' dir='ltr'>sibi</span> <span class='ocrx_word' id='word_1_8' title='bbox 540 1344 692 1420; x_wconf 80' lang='lat' dir='ltr'><strong>congerat</strong></span> <span class='ocrx_word' id='word_1_9' title='bbox 709 1357 786 1401; x_wconf 88' lang='lat' dir='ltr'>auro</span> 
     </span>
     <span class='ocr_line' id='line_1_4' title="bbox 143 1429 723 1514; baseline 0 -22"><span class='ocrx_word' id='word_1_10' title='bbox 143 1440 176 1492; x_wconf 92' lang='lat' dir='ltr'>et</span> <span class='ocrx_word' id='word_1_11' title='bbox 193 1440 299 1493; x_wconf 89' lang='lat' dir='ltr'>teneat</span> <span class='ocrx_word' id='word_1_12' title='bbox 316 1429 391 1493; x_wconf 87' lang='lat' dir='ltr'>culti</span> <span class='ocrx_word' id='word_1_13' title='bbox 408 1429 519 1514; x_wconf 88' lang='lat' dir='ltr'>iugera</span> <span class='ocrx_word' id='word_1_14' title='bbox 536 1430 636 1493; x_wconf 88' lang='lat' dir='ltr'>multa</span> <span class='ocrx_word' id='word_1_15' title='bbox 655 1429 723 1506; x_wconf 88' lang='lat' dir='ltr'>soli,</span> 
     </span>
    </p>

    <p class='ocr_par' dir='ltr' id='par_1_4' title="bbox 101 1522 877 1703">
     <span class='ocr_line' id='line_1_5' title="bbox 101 1522 845 1604; baseline 0.004 -19"><span class='ocrx_word' id='word_1_16' title='bbox 101 1542 197 1604; x_wconf 91' lang='lat' dir='ltr'>quem</span> <span class='ocrx_word' id='word_1_17' title='bbox 213 1523 304 1589; x_wconf 85' lang='lat' dir='ltr'>labor</span> <span class='ocrx_word' id='word_1_18' title='bbox 321 1522 473 1588; x_wconf 90' lang='lat' dir='ltr'>adsiduus</span> <span class='ocrx_word' id='word_1_19' title='bbox 489 1523 592 1588; x_wconf 89' lang='lat' dir='ltr'>vicino</span> <span class='ocrx_word' id='word_1_20' title='bbox 611 1534 727 1587; x_wconf 86' lang='lat' dir='ltr'>terreat</span> <span class='ocrx_word' id='word_1_21' title='bbox 744 1522 845 1601; x_wconf 90' lang='lat' dir='ltr'>hoste,</span> 
     </span>
     <span class='ocr_line' id='line_1_6' title="bbox 143 1614 877 1703; baseline 0.007 -25"><span class='ocrx_word' id='word_1_22' title='bbox 143 1614 262 1680; x_wconf 86' lang='lat' dir='ltr'>Martia</span> <span class='ocrx_word' id='word_1_23' title='bbox 280 1616 331 1682; x_wconf 90' lang='lat' dir='ltr'>cui</span> <span class='ocrx_word' id='word_1_24' title='bbox 348 1639 475 1682; x_wconf 80' lang='lat' dir='ltr'>somnos</span> <span class='ocrx_word' id='word_1_25' title='bbox 494 1616 625 1699; x_wconf 86' lang='lat' dir='ltr'>classica</span> <span class='ocrx_word' id='word_1_26' title='bbox 641 1618 734 1703; x_wconf 89' lang='lat' dir='ltr'>pulsa</span> <span class='ocrx_word' id='word_1_27' title='bbox 750 1617 877 1703; x_wconf 83' lang='lat' dir='ltr'>fugent:</span> 
     </span>
    </p>

    <p class='ocr_par' dir='ltr' id='par_1_5' title="bbox 100 1710 789 1796">
     <span class='ocr_line' id='line_1_7' title="bbox 100 1710 789 1796; baseline 0.003 -24"><span class='ocrx_word' id='word_1_28' title='bbox 100 1731 152 1774; x_wconf 92' lang='lat' dir='ltr'>me</span> <span class='ocrx_word' id='word_1_29' title='bbox 170 1732 241 1775; x_wconf 88' lang='lat' dir='ltr'>mea</span> <span class='ocrx_word' id='word_1_30' title='bbox 257 1722 426 1796; x_wconf 80' lang='lat' dir='ltr'>paupertas</span> <span class='ocrx_word' id='word_1_31' title='bbox 444 1712 509 1787; x_wconf 85' lang='lat' dir='ltr'>vita</span> <span class='ocrx_word' id='word_1_32' title='bbox 525 1710 671 1776; x_wconf 88' lang='lat' dir='ltr'>traducat</span> <span class='ocrx_word' id='word_1_33' title='bbox 687 1710 789 1788; x_wconf 87' lang='lat' dir='ltr'>inerti,</span> 
     </span>
    </p>

    <p class='ocr_par' dir='ltr' id='par_1_6' title="bbox 112 1804 807 1891">
     <span class='ocr_line' id='line_1_8' title="bbox 112 1804 807 1891; baseline 0.006 -26"><span class='ocrx_word' id='word_1_34' title='bbox 112 1856 115 1863; x_wconf 91' lang='grc'><em>,</em></span> <span class='ocrx_word' id='word_1_35' title='bbox 134 1804 219 1889; x_wconf 16' lang='lat' dir='ltr'>*dum</span> <span class='ocrx_word' id='word_1_36' title='bbox 236 1828 326 1869; x_wconf 90' lang='lat' dir='ltr'>meus</span> <span class='ocrx_word' id='word_1_37' title='bbox 344 1805 476 1870; x_wconf 88' lang='lat' dir='ltr'>adsiduo</span> <span class='ocrx_word' id='word_1_38' title='bbox 493 1805 600 1870; x_wconf 89' lang='lat' dir='ltr'>luceat</span> <span class='ocrx_word' id='word_1_39' title='bbox 615 1805 691 1891; x_wconf 84' lang='lat' dir='ltr'>igne</span> <span class='ocrx_word' id='word_1_40' title='bbox 708 1804 807 1870; x_wconf 84' lang='lat' dir='ltr'>focus.</span> 
     </span>
    </p>

    <p class='ocr_par' dir='ltr' id='par_1_7' title="bbox 25 1897 827 2080">
     <span class='ocr_line' id='line_1_9' title="bbox 25 1897 827 1986; baseline 0 -23"><span class='ocrx_word' id='word_1_41' title='bbox 25 1906 28 1911; x_wconf 84' lang='lat'>&#39;</span> <span class='ocrx_word' id='word_1_42' title='bbox 99 1897 167 1983; x_wconf 87' lang='lat' dir='ltr'>ipse</span> <span class='ocrx_word' id='word_1_43' title='bbox 185 1922 288 1980; x_wconf 88' lang='lat' dir='ltr'>seram</span> <span class='ocrx_word' id='word_1_44' title='bbox 305 1911 428 1965; x_wconf 87' lang='lat' dir='ltr'>teneras</span> <span class='ocrx_word' id='word_1_45' title='bbox 446 1910 569 1965; x_wconf 84' lang='lat' dir='ltr'>maturo</span> <span class='ocrx_word' id='word_1_46' title='bbox 587 1910 728 1986; x_wconf 88' lang='lat' dir='ltr'>tempore</span> <span class='ocrx_word' id='word_1_47' title='bbox 747 1899 827 1965; x_wconf 86' lang='lat' dir='ltr'>vites</span> 
     </span>
     <span class='ocr_line' id='line_1_10' title="bbox 142 1986 820 2080; baseline 0 -22"><span class='ocrx_word' id='word_1_48' title='bbox 142 1986 279 2063; x_wconf 76' lang='lat' dir='ltr'>rusticus</span> <span class='ocrx_word' id='word_1_49' title='bbox 296 2007 327 2059; x_wconf 91' lang='lat' dir='ltr'>et</span> <span class='ocrx_word' id='word_1_50' title='bbox 344 1994 430 2060; x_wconf 86' lang='lat' dir='ltr'>facili</span> <span class='ocrx_word' id='word_1_51' title='bbox 446 1994 580 2080; x_wconf 81' lang='lat' dir='ltr'>grandia</span> <span class='ocrx_word' id='word_1_52' title='bbox 597 2016 693 2080; x_wconf 85' lang='lat' dir='ltr'>poma</span> <span class='ocrx_word' id='word_1_53' title='bbox 709 2016 820 2059; x_wconf 86' lang='lat' dir='ltr'>manu:</span> 
     </span>
    </p>

    <p class='ocr_par' dir='ltr' id='par_1_8' title="bbox 99 2088 937 2268">
     <span class='ocr_line' id='line_1_11' title="bbox 99 2088 937 2173; baseline 0.005 -22"><span class='ocrx_word' id='word_1_54' title='bbox 99 2109 158 2152; x_wconf 89' lang='lat' dir='ltr'>nec</span> <span class='ocrx_word' id='word_1_55' title='bbox 176 2110 248 2173; x_wconf 87' lang='lat' dir='ltr'>spes</span> <span class='ocrx_word' id='word_1_56' title='bbox 267 2088 426 2163; x_wconf 85' lang='lat' dir='ltr'>destituat,</span> <span class='ocrx_word' id='word_1_57' title='bbox 444 2089 500 2153; x_wconf 91' lang='lat' dir='ltr'>sed</span> <span class='ocrx_word' id='word_1_58' title='bbox 518 2088 648 2173; x_wconf 85' lang='lat' dir='ltr'>frugum</span> <span class='ocrx_word' id='word_1_59' title='bbox 665 2110 790 2173; x_wconf 83' lang='lat' dir='ltr'>semper</span> <span class='ocrx_word' id='word_1_60' title='bbox 807 2094 937 2155; x_wconf 76' lang='lat' dir='ltr'>acervos</span> 
     </span>
     <span class='ocr_line' id='line_1_12' title="bbox 142 2181 823 2268; baseline 0.004 -24"><span class='ocrx_word' id='word_1_61' title='bbox 142 2181 293 2265; x_wconf 88' lang='lat' dir='ltr'>praebeat</span> <span class='ocrx_word' id='word_1_62' title='bbox 310 2192 342 2245; x_wconf 87' lang='lat' dir='ltr'>et</span> <span class='ocrx_word' id='word_1_63' title='bbox 358 2181 452 2267; x_wconf 91' lang='lat' dir='ltr'>pleno</span> <span class='ocrx_word' id='word_1_64' title='bbox 470 2182 603 2268; x_wconf 88' lang='lat' dir='ltr'>pinguia</span> <span class='ocrx_word' id='word_1_65' title='bbox 619 2193 724 2247; x_wconf 86' lang='lat' dir='ltr'>musta</span> <span class='ocrx_word' id='word_1_66' title='bbox 741 2183 823 2248; x_wconf 89' lang='lat' dir='ltr'>lacu.</span> 
     </span>
    </p>

    <p class='ocr_par' dir='ltr' id='par_1_9' title="bbox 99 2275 950 2454">
     <span class='ocr_line' id='line_1_13' title="bbox 99 2275 950 2363; baseline 0.005 -25"><span class='ocrx_word' id='word_1_67' title='bbox 99 2297 174 2338; x_wconf 88' lang='lat' dir='ltr'>nam</span> <span class='ocrx_word' id='word_1_68' title='bbox 191 2296 333 2352; x_wconf 89' lang='lat' dir='ltr'>veneror,</span> <span class='ocrx_word' id='word_1_69' title='bbox 352 2298 409 2339; x_wconf 86' lang='lat' dir='ltr'>seu</span> <span class='ocrx_word' id='word_1_70' title='bbox 426 2275 523 2363; x_wconf 85' lang='lat' dir='ltr'>stipes</span> <span class='ocrx_word' id='word_1_71' title='bbox 540 2276 638 2340; x_wconf 89' lang='lat' dir='ltr'>habet</span> <span class='ocrx_word' id='word_1_72' title='bbox 655 2276 797 2340; x_wconf 89' lang='lat' dir='ltr'>desertus</span> <span class='ocrx_word' id='word_1_73' title='bbox 814 2277 847 2341; x_wconf 93' lang='lat' dir='ltr'>in</span> <span class='ocrx_word' id='word_1_74' title='bbox 865 2277 950 2363; x_wconf 84' lang='lat' dir='ltr'>agris</span> 
     </span>
     <span class='ocr_line' id='line_1_14' title="bbox 142 2369 812 2454; baseline -0.001 -20"><span class='ocrx_word' id='word_1_75' title='bbox 142 2391 198 2434; x_wconf 88' lang='lat' dir='ltr'>seu</span> <span class='ocrx_word' id='word_1_76' title='bbox 216 2378 308 2433; x_wconf 86' lang='lat' dir='ltr'>vetus</span> <span class='ocrx_word' id='word_1_77' title='bbox 325 2369 359 2433; x_wconf 92' lang='lat' dir='ltr'>in</span> <span class='ocrx_word' id='word_1_78' title='bbox 376 2369 468 2432; x_wconf 87' lang='lat' dir='ltr'>trivio</span> <span class='ocrx_word' id='word_1_79' title='bbox 485 2369 598 2435; x_wconf 86' lang='lat' dir='ltr'>florida</span> <span class='ocrx_word' id='word_1_80' title='bbox 615 2381 699 2434; x_wconf 86' lang='lat' dir='ltr'>serta</span> <span class='ocrx_word' id='word_1_81' title='bbox 716 2370 812 2454; x_wconf 88' lang='lat' dir='ltr'>lapis:</span> 
     </span>
    </p>

    <p class='ocr_par' dir='ltr' id='par_1_10' title="bbox 98 2462 991 2643">
     <span class='ocr_line' id='line_1_15' title="bbox 98 2462 991 2549; baseline 0.003 -21"><span class='ocrx_word' id='word_1_82' title='bbox 98 2472 130 2528; x_wconf 92' lang='lat' dir='ltr'>et</span> <span class='ocrx_word' id='word_1_83' title='bbox 146 2463 370 2547; x_wconf 76' lang='lat' dir='ltr'>quodnamque</span> <span class='ocrx_word' id='word_1_84' title='bbox 388 2462 465 2527; x_wconf 89' lang='lat' dir='ltr'>mihi</span> <span class='ocrx_word' id='word_1_85' title='bbox 482 2483 611 2549; x_wconf 92' lang='lat' dir='ltr'>pomum</span> <span class='ocrx_word' id='word_1_86' title='bbox 628 2484 730 2527; x_wconf 89' lang='lat' dir='ltr'>novus</span> <span class='ocrx_word' id='word_1_87' title='bbox 748 2463 862 2529; x_wconf 87' lang='lat' dir='ltr'>educat</span> <span class='ocrx_word' id='word_1_88' title='bbox 879 2487 991 2545; x_wconf 89' lang='lat' dir='ltr'>annus,</span> 
     </span>
     <span class='ocr_line' id='line_1_16' title="bbox 141 2555 772 2643; baseline 0 -22"><span class='ocrx_word' id='word_1_89' title='bbox 141 2557 275 2621; x_wconf 88' lang='lat' dir='ltr'>libatum</span> <span class='ocrx_word' id='word_1_90' title='bbox 293 2556 450 2643; x_wconf 85' lang='lat' dir='ltr'>agricolae</span> <span class='ocrx_word' id='word_1_91' title='bbox 467 2555 595 2641; x_wconf 91' lang='lat' dir='ltr'>ponitur</span> <span class='ocrx_word' id='word_1_92' title='bbox 612 2565 686 2621; x_wconf 86' lang='lat' dir='ltr'>ante</span> <span class='ocrx_word' id='word_1_93' title='bbox 704 2557 772 2622; x_wconf 91' lang='lat' dir='ltr'>deo.</span> 
     </span>
    </p>

    <p class='ocr_par' dir='ltr' id='par_1_11' title="bbox 97 2648 970 2831">
     <span class='ocr_line' id='line_1_17' title="bbox 97 2648 849 2728; baseline 0.001 -12"><span class='ocrx_word' id='word_1_94' title='bbox 97 2652 181 2717; x_wconf 85' lang='lat' dir='ltr'>flava</span> <span class='ocrx_word' id='word_1_95' title='bbox 199 2648 309 2728; x_wconf 83' lang='lat' dir='ltr'>Ceres,</span> <span class='ocrx_word' id='word_1_96' title='bbox 328 2650 387 2717; x_wconf 90' lang='lat' dir='ltr'>tibi</span> <span class='ocrx_word' id='word_1_97' title='bbox 403 2651 444 2714; x_wconf 91' lang='lat' dir='ltr'>sit</span> <span class='ocrx_word' id='word_1_98' title='bbox 460 2660 568 2715; x_wconf 89' lang='lat' dir='ltr'>nostro</span> <span class='ocrx_word' id='word_1_99' title='bbox 586 2651 626 2716; x_wconf 94' lang='lat' dir='ltr'>de</span> <span class='ocrx_word' id='word_1_100' title='bbox 642 2673 716 2716; x_wconf 88' lang='lat' dir='ltr'>rure</span> <span class='ocrx_word' id='word_1_101' title='bbox 733 2671 849 2717; x_wconf 87' lang='lat' dir='ltr'>corona</span> 
     </span>
     <span class='ocr_line' id='line_1_18' title="bbox 140 2744 970 2831; baseline 0.001 -22"><span class='ocrx_word' id='word_1_102' title='bbox 140 2745 256 2831; x_wconf 80' lang='lat' dir='ltr'>spicea,</span> <span class='ocrx_word' id='word_1_103' title='bbox 273 2764 356 2829; x_wconf 88' lang='lat' dir='ltr'>quae</span> <span class='ocrx_word' id='word_1_104' title='bbox 373 2744 483 2830; x_wconf 89' lang='lat' dir='ltr'>templi</span> <span class='ocrx_word' id='word_1_105' title='bbox 500 2744 637 2830; x_wconf 88' lang='lat' dir='ltr'>pendeat</span> <span class='ocrx_word' id='word_1_106' title='bbox 654 2757 727 2811; x_wconf 90' lang='lat' dir='ltr'>ante</span> <span class='ocrx_word' id='word_1_107' title='bbox 744 2745 852 2825; x_wconf 63' lang='lat' dir='ltr'>forest,</span> <span class='ocrx_word' id='word_1_108' title='bbox 918 2768 921 2781; x_wconf 61' lang='lat'>⁴</span> <span class='ocrx_word' id='word_1_109' title='bbox 964 2804 970 2819; x_wconf 83' lang='grc'><strong><em>,</em></strong></span> 
     </span>
    </p>

    <p class='ocr_par' dir='ltr' id='par_1_12' title="bbox 98 2839 854 3020">
     <span class='ocr_line' id='line_1_19' title="bbox 98 2839 854 2925; baseline 0.001 -22"><span class='ocrx_word' id='word_1_110' title='bbox 98 2840 299 2925; x_wconf 86' lang='lat' dir='ltr'>pomosisque</span> <span class='ocrx_word' id='word_1_111' title='bbox 316 2839 412 2904; x_wconf 89' lang='lat' dir='ltr'>ruber</span> <span class='ocrx_word' id='word_1_112' title='bbox 429 2849 534 2903; x_wconf 84' lang='lat' dir='ltr'>custos</span> <span class='ocrx_word' id='word_1_113' title='bbox 551 2852 689 2924; x_wconf 87' lang='lat' dir='ltr'>ponatur</span> <span class='ocrx_word' id='word_1_114' title='bbox 705 2840 738 2903; x_wconf 94' lang='lat' dir='ltr'>in</span> <span class='ocrx_word' id='word_1_115' title='bbox 756 2839 854 2904; x_wconf 89' lang='lat' dir='ltr'>hortis</span> 
     </span>
     <span class='ocr_line' id='line_1_20' title="bbox 141 2933 775 3020; baseline -0.002 -22"><span class='ocrx_word' id='word_1_116' title='bbox 141 2944 255 3001; x_wconf 85' lang='lat' dir='ltr'>terreat</span> <span class='ocrx_word' id='word_1_117' title='bbox 271 2944 307 2998; x_wconf 90' lang='lat' dir='ltr'>ut</span> <span class='ocrx_word' id='word_1_118' title='bbox 325 2956 421 2998; x_wconf 87' lang='lat' dir='ltr'>saeva</span> <span class='ocrx_word' id='word_1_119' title='bbox 437 2933 520 2998; x_wconf 85' lang='lat' dir='ltr'>falce</span> <span class='ocrx_word' id='word_1_120' title='bbox 535 2934 673 3020; x_wconf 80' lang='lat' dir='ltr'>Priapus</span> <span class='ocrx_word' id='word_1_121' title='bbox 691 2956 775 2999; x_wconf 88' lang='lat' dir='ltr'>aves.</span> 
     </span>
    </p>

    <p class='ocr_par' dir='ltr' id='par_1_13' title="bbox 18 3020 972 3200">
     <span class='ocr_line' id='line_1_21' title="bbox 18 3020 972 3114; baseline 0 -22"><span class='ocrx_word' id='word_1_122' title='bbox 18 3065 21 3070; x_wconf 93' lang='lat'>·</span> <span class='ocrx_word' id='word_1_123' title='bbox 98 3049 155 3092; x_wconf 87' lang='lat' dir='ltr'>vos</span> <span class='ocrx_word' id='word_1_124' title='bbox 171 3049 308 3113; x_wconf 90' lang='lat' dir='ltr'>quoque,</span> <span class='ocrx_word' id='word_1_125' title='bbox 325 3027 427 3094; x_wconf 87' lang='lat' dir='ltr'>felicis</span> <span class='ocrx_word' id='word_1_126' title='bbox 444 3020 616 3112; x_wconf 76' lang='lat' dir='ltr'>quondam,</span> <span class='ocrx_word' id='word_1_127' title='bbox 634 3050 719 3093; x_wconf 90' lang='lat' dir='ltr'>nune</span> <span class='ocrx_word' id='word_1_128' title='bbox 736 3028 884 3114; x_wconf 90' lang='lat' dir='ltr'>pauperis</span> <span class='ocrx_word' id='word_1_129' title='bbox 903 3028 972 3114; x_wconf 85' lang='lat' dir='ltr'>agri</span> 
     </span>
     <span class='ocr_line' id='line_1_22' title="bbox 141 3122 803 3200; baseline -0.002 -13"><span class='ocrx_word' id='word_1_130' title='bbox 141 3123 298 3200; x_wconf 78' lang='lat' dir='ltr'>custodes,</span> <span class='ocrx_word' id='word_1_131' title='bbox 315 3122 405 3187; x_wconf 85' lang='lat' dir='ltr'>fertis</span> <span class='ocrx_word' id='word_1_132' title='bbox 423 3145 555 3187; x_wconf 86' lang='lat' dir='ltr'>munera</span> <span class='ocrx_word' id='word_1_133' title='bbox 572 3134 688 3198; x_wconf 88' lang='lat' dir='ltr'>vestra,</span> <span class='ocrx_word' id='word_1_134' title='bbox 706 3122 803 3187; x_wconf 85' lang='lat' dir='ltr'>lares:</span> 
     </span>
    </p>

    <p class='ocr_par' dir='ltr' id='par_1_14' title="bbox 97 3215 948 3396">
     <span class='ocr_line' id='line_1_23' title="bbox 97 3215 948 3289; baseline -0.002 -9"><span class='ocrx_word' id='word_1_135' title='bbox 97 3227 173 3280; x_wconf 88' lang='lat' dir='ltr'>tunc</span> <span class='ocrx_word' id='word_1_136' title='bbox 190 3216 289 3281; x_wconf 87' lang='lat' dir='ltr'>vitula</span> <span class='ocrx_word' id='word_1_137' title='bbox 304 3217 486 3281; x_wconf 89' lang='lat' dir='ltr'>innumeros</span> <span class='ocrx_word' id='word_1_138' title='bbox 503 3218 666 3283; x_wconf 84' lang='lat' dir='ltr'>lustrabat.</span> <span class='ocrx_word' id='word_1_139' title='bbox 675 3238 768 3289; x_wconf 85' lang='lat' dir='ltr'>caesa</span> <span class='ocrx_word' id='word_1_140' title='bbox 783 3215 948 3281; x_wconf 86' lang='lat' dir='ltr'>iuvencos:</span> 
     </span>
     <span class='ocr_line' id='line_1_24' title="bbox 138 3308 842 3396; baseline -0.001 -22"><span class='ocrx_word' id='word_1_141' title='bbox 138 3331 225 3374; x_wconf 89' lang='lat' dir='ltr'>nunc</span> <span class='ocrx_word' id='word_1_142' title='bbox 242 3333 326 3395; x_wconf 88' lang='lat' dir='ltr'>agna</span> <span class='ocrx_word' id='word_1_143' title='bbox 343 3311 450 3396; x_wconf 89' lang='lat' dir='ltr'>exigui</span> <span class='ocrx_word' id='word_1_144' title='bbox 468 3322 517 3376; x_wconf 87' lang='lat' dir='ltr'>est</span> <span class='ocrx_word' id='word_1_145' title='bbox 533 3310 635 3375; x_wconf 89' lang='lat' dir='ltr'>hostia</span> <span class='ocrx_word' id='word_1_146' title='bbox 652 3332 752 3396; x_wconf 88' lang='lat' dir='ltr'>parva</span> <span class='ocrx_word' id='word_1_147' title='bbox 769 3308 842 3374; x_wconf 83' lang='lat' dir='ltr'>soli:</span> 
     </span>
    </p>

    <p class='ocr_par' dir='ltr' id='par_1_15' title="bbox 96 3402 909 3563">
     <span class='ocr_line' id='line_1_25' title="bbox 96 3402 909 3492; baseline -0.002 -23"><span class='ocrx_word' id='word_1_148' title='bbox 96 3427 180 3492; x_wconf 85' lang='lat' dir='ltr'>agna</span> <span class='ocrx_word' id='word_1_149' title='bbox 198 3402 290 3469; x_wconf 89' lang='lat' dir='ltr'>cadet</span> <span class='ocrx_word' id='word_1_150' title='bbox 306 3404 406 3481; x_wconf 88' lang='lat' dir='ltr'>vobis,</span> <span class='ocrx_word' id='word_1_151' title='bbox 425 3426 521 3487; x_wconf 89' lang='lat' dir='ltr'>quam</span> <span class='ocrx_word' id='word_1_152' title='bbox 539 3404 657 3468; x_wconf 88' lang='lat' dir='ltr'>circum</span> <span class='ocrx_word' id='word_1_153' title='bbox 674 3402 792 3467; x_wconf 90' lang='lat' dir='ltr'>rustica</span> <span class='ocrx_word' id='word_1_154' title='bbox 809 3403 909 3488; x_wconf 90' lang='lat' dir='ltr'>pubes</span> 
     </span>
     <span class='ocr_line' id='line_1_26' title="bbox 139 3496 804 3563; baseline -0.005 0"><span class='ocrx_word' id='word_1_155' title='bbox 139 3500 253 3563; x_wconf 88' lang='lat' dir='ltr'>clamet</span> <span class='ocrx_word' id='word_1_156' title='bbox 270 3496 316 3561; x_wconf 89' lang='lat' dir='ltr'>‘io</span> <span class='ocrx_word' id='word_1_157' title='bbox 334 3519 450 3563; x_wconf 87' lang='lat' dir='ltr'>messes</span> <span class='ocrx_word' id='word_1_158' title='bbox 469 3508 501 3563; x_wconf 86' lang='lat' dir='ltr'>et</span> <span class='ocrx_word' id='word_1_159' title='bbox 518 3498 602 3563; x_wconf 89' lang='lat' dir='ltr'>bona</span> <span class='ocrx_word' id='word_1_160' title='bbox 618 3497 691 3561; x_wconf 88' lang='lat' dir='ltr'>vina</span> <span class='ocrx_word' id='word_1_161' title='bbox 711 3497 804 3561; x_wconf 66' lang='lat' dir='ltr'>date?</span> 
     </span>
    </p>

    <p class='ocr_par' dir='ltr' id='par_1_16' title="bbox 94 3586 910 3772">
     <span class='ocr_line' id='line_1_27' title="bbox 94 3586 910 3678; baseline -0.001 -20"><span class='ocrx_word' id='word_1_162' title='bbox 94 3594 159 3659; x_wconf 91' lang='lat' dir='ltr'>iam</span> <span class='ocrx_word' id='word_1_163' title='bbox 176 3592 270 3657; x_wconf 90' lang='lat' dir='ltr'>modo</span> <span class='ocrx_word' id='word_1_164' title='bbox 287 3591 352 3655; x_wconf 90' lang='lat' dir='ltr'>iam</span> <span class='ocrx_word' id='word_1_165' title='bbox 369 3586 487 3677; x_wconf 87' lang='lat' dir='ltr'>possim</span> <span class='ocrx_word' id='word_1_166' title='bbox 505 3600 668 3656; x_wconf 89' lang='lat' dir='ltr'>contentus</span> <span class='ocrx_word' id='word_1_167' title='bbox 686 3590 793 3657; x_wconf 83' lang='lat' dir='ltr'>vivere</span> <span class='ocrx_word' id='word_1_168' title='bbox 810 3612 910 3678; x_wconf 85' lang='lat' dir='ltr'>parvo</span> 
     </span>
     <span class='ocr_line' id='line_1_28' title="bbox 137 3684 799 3772; baseline -0.002 -20"><span class='ocrx_word' id='word_1_169' title='bbox 137 3711 196 3754; x_wconf 91' lang='lat' dir='ltr'>nec</span> <span class='ocrx_word' id='word_1_170' title='bbox 213 3709 337 3772; x_wconf 90' lang='lat' dir='ltr'>semper</span> <span class='ocrx_word' id='word_1_171' title='bbox 353 3686 469 3771; x_wconf 88' lang='lat' dir='ltr'>longae</span> <span class='ocrx_word' id='word_1_172' title='bbox 487 3684 611 3753; x_wconf 89' lang='lat' dir='ltr'>deditus</span> <span class='ocrx_word' id='word_1_173' title='bbox 629 3708 699 3751; x_wconf 88' lang='lat' dir='ltr'>esse</span> <span class='ocrx_word' id='word_1_174' title='bbox 717 3685 799 3763; x_wconf 87' lang='lat' dir='ltr'>viae,</span> 
     </span>
    </p>

    <p class='ocr_par' dir='ltr' id='par_1_17' title="bbox 96 3780 838 3963">
     <span class='ocr_line' id='line_1_29' title="bbox 96 3780 838 3848; baseline -0.001 -2"><span class='ocrx_word' id='word_1_175' title='bbox 96 3782 152 3847; x_wconf 92' lang='lat' dir='ltr'>sed</span> <span class='ocrx_word' id='word_1_176' title='bbox 169 3782 254 3848; x_wconf 91' lang='lat' dir='ltr'>canis</span> <span class='ocrx_word' id='word_1_177' title='bbox 273 3780 409 3848; x_wconf 84' lang='lat' dir='ltr'>aestivos</span> <span class='ocrx_word' id='word_1_178' title='bbox 427 3790 513 3845; x_wconf 87' lang='lat' dir='ltr'>ortus</span> <span class='ocrx_word' id='word_1_179' title='bbox 530 3780 629 3846; x_wconf 88' lang='lat' dir='ltr'>vitare</span> <span class='ocrx_word' id='word_1_180' title='bbox 647 3780 707 3845; x_wconf 91' lang='lat' dir='ltr'>sub</span> <span class='ocrx_word' id='word_1_181' title='bbox 724 3781 838 3845; x_wconf 88' lang='lat' dir='ltr'>umbra</span> 
     </span>
     <span class='ocr_line' id='line_1_30' title="bbox 139 3875 793 3963; baseline 0 -24"><span class='ocrx_word' id='word_1_182' title='bbox 139 3876 258 3963; x_wconf 25' lang='lat' dir='ltr'>arborius</span> <span class='ocrx_word' id='word_1_183' title='bbox 276 3878 318 3941; x_wconf 94' lang='lat' dir='ltr'>ad</span> <span class='ocrx_word' id='word_1_184' title='bbox 334 3875 420 3941; x_wconf 84' lang='lat' dir='ltr'>rivos</span> <span class='ocrx_word' id='word_1_185' title='bbox 436 3875 663 3961; x_wconf 85' lang='lat' dir='ltr'>praetereuntis</span> <span class='ocrx_word' id='word_1_186' title='bbox 681 3896 793 3959; x_wconf 89' lang='lat' dir='ltr'>aquae.</span> 
     </span>
    </p>

    <p class='ocr_par' dir='ltr' id='par_1_18' title="bbox 95 3968 944 4055">
     <span class='ocr_line' id='line_1_31' title="bbox 95 3968 944 4055; baseline -0.002 -21"><span class='ocrx_word' id='word_1_187' title='bbox 95 3990 155 4034; x_wconf 88' lang='lat' dir='ltr'>nec</span> <span class='ocrx_word' id='word_1_188' title='bbox 170 3980 276 4035; x_wconf 82' lang='lat' dir='ltr'>tamen</span> <span class='ocrx_word' id='word_1_189' title='bbox 293 3971 451 4037; x_wconf 86' lang='lat' dir='ltr'>interdurn</span> <span class='ocrx_word' id='word_1_190' title='bbox 469 3968 587 4055; x_wconf 81' lang='lat' dir='ltr'>pudeat</span> <span class='ocrx_word' id='word_1_191' title='bbox 604 3969 743 4035; x_wconf 90' lang='lat' dir='ltr'>tenuisse</span> <span class='ocrx_word' id='word_1_192' title='bbox 760 3968 921 4034; x_wconf 86' lang='lat' dir='ltr'>bidentem</span> <span class='ocrx_word' id='word_1_193' title='bbox 941 4014 944 4019; x_wconf 89' lang='lat'><em>-</em></span> 
     </span>
    </p>
   </div>
   <div class='ocr_carea' id='block_1_4' title="bbox 138 4063 955 4212">
    <p class='ocr_par' dir='ltr' id='par_1_19' title="bbox 138 4063 955 4212">
     <span class='ocr_line' id='line_1_32' title="bbox 138 4063 797 4151; baseline -0.002 -23"><span class='ocrx_word' id='word_1_194' title='bbox 138 4074 194 4129; x_wconf 87' lang='lat' dir='ltr'>aut</span> <span class='ocrx_word' id='word_1_195' title='bbox 209 4064 336 4131; x_wconf 84' lang='lat' dir='ltr'>stimulo</span> <span class='ocrx_word' id='word_1_196' title='bbox 354 4065 460 4133; x_wconf 88' lang='lat' dir='ltr'>tardos</span> <span class='ocrx_word' id='word_1_197' title='bbox 477 4064 670 4151; x_wconf 81' lang='lat' dir='ltr'>increpuisse</span> <span class='ocrx_word' id='word_1_198' title='bbox 688 4063 797 4141; x_wconf 86' lang='lat' dir='ltr'>boves,</span> 
     </span>
     <span class='ocr_line' id='line_1_33' title="bbox 916 4162 955 4212; baseline 0 -21"><span class='ocrx_word' id='word_1_199' title='bbox 916 4162 955 4212; x_wconf 53' lang='grc' dir='ltr'>Υ.</span> 
     </span>
    </p>
   </div>
   <div class='ocr_carea' id='block_1_5' title="bbox 0 0 1288 4448">
    <p class='ocr_par' dir='ltr' id='par_1_20' title="bbox 0 0 1288 4448">
     <span class='ocr_line' id='line_1_34' title="bbox 0 0 1288 4448; baseline 0 1"><span class='ocrx_word' id='word_1_200' title='bbox 0 0 1288 4448; x_wconf 95' lang='lat' dir='ltr'> </span> 
     </span>
    </p>
   </div>
  </div>
 </body>
</html>
