2566 4448
573 757 675 827 xm

154 915 252 981 Nulla
269 925 360 980 tuum
378 913 472 978 nobis
490 913 647 978 subducet
663 911 783 978 femine
798 913 930 999 lectum:

196 1008 257 1074 hoc
275 1010 414 1095 primum
430 1007 538 1071 iuncte
556 1017 604 1072 est
620 1005 749 1072 foedere
766 1018 876 1071 nostru
893 1010 1014 1074 Venus.

154 1112 190 1167 tu
207 1103 286 1167 mihi
304 1103 372 1167 sola
388 1101 507 1187 places,
524 1122 584 1165 nec
601 1100 665 1164 iem
683 1111 714 1165 te
731 1111 855 1186 praeter
872 1102 904 1165 in
922 1103 1002 1168 urbe

194 1197 335 1262 formosa
353 1206 401 1260 est
418 1194 518 1260 oculis
534 1194 602 1258 ullu
617 1195 724 1279 puella
741 1195 829 1259 meis.

154 1301 248 1374 atque
267 1290 389 1354 utinam
405 1309 514 1373 posses
531 1288 587 1352 uni
605 1287 683 1352 mihi
699 1287 783 1353 belle
800 1288 914 1354 videril

196 1384 363 1469 displiceas
382 1382 466 1447 aliis:
485 1383 531 1447 sic
548 1378 609 1468 ego
626 1393 714 1446 tutus
732 1404 795 1447 cro.

153 1477 199 1542 nil
217 1498 297 1563 opus
313 1476 433 1542 invidie
450 1487 507 1553 est,
526 1476 638 1562 procul
656 1476 738 1540 absit
755 1477 857 1561 gloria
874 1477 977 1562 vulgi:

196 1572 251 1655 qui
269 1571 361 1656 sapit,
379 1570 413 1635 in
431 1563 526 1635 tacito
544 1570 683 1656 gaudeat
700 1570 752 1635 ille
771 1570 851 1635 sinu.

154 1665 199 1730 sic
217 1687 277 1751 ego
296 1665 424 1730 secretis
440 1687 571 1750 possum
588 1665 670 1729 bene
687 1663 794 1729 vivere
812 1663 909 1741 silvis,

195 1780 259 1843 que
276 1758 365 1824 nullu
381 1759 521 1824 humano
539 1759 581 1823 sit
598 1759 651 1822 via
667 1758 741 1822 trita
758 1760 849 1843 pede.

152 1863 188 1917 tu
204 1852 282 1917 mihi
300 1875 448 1919 curarum
466 1853 601 1936 requies,
619 1863 655 1916 tu
673 1862 765 1917 nocte
783 1853 835 1917 vel
853 1863 920 1917 atra

194 1946 312 2024 lumen,
331 1958 362 2013 ct
379 1947 413 2012 in
431 1947 505 2011 solis
523 1958 559 2011 tu
576 1946 655 2010 mihi
672 1946 766 2011 turba
783 1946 871 2011 locis.

151 2062 237 2104 nunc
254 2040 328 2105 licet
345 2063 363 2106 e
381 2041 469 2105 caelo
486 2041 628 2105 mittatur
645 2041 747 2105 amica
765 2041 904 2117 Tibullo,

195 2133 337 2198 mittetur
354 2133 471 2199 frustra
489 2135 677 2218 deficietque
695 2135 816 2200 Venus.

152 2226 214 2292 hoc
230 2227 289 2292 tibi
306 2238 415 2293 sancta
431 2239 506 2292 tuae
522 2229 653 2292 Iunonis
671 2229 802 2293 numina
818 2230 898 2305 iuro,

195 2342 278 2404 quae
296 2322 364 2386 sola
381 2331 454 2386 ante
472 2322 549 2385 elios
568 2333 615 2387 est
632 2321 709 2385 mihi
727 2345 843 2409 magna
862 2324 947 2388 deos.

153 2415 231 2499 quid
248 2414 330 2479 facio
349 2415 497 2481 demens?
514 2415 577 2480 heu
594 2416 658 2481 heu
675 2439 747 2481 mea
763 2417 898 2502 pignora
915 2417 1003 2482 cedo.

194 2508 298 2573 iuravi
314 2509 421 2574 stulte:
439 2508 588 2594 proderat
604 2509 663 2574 iste
681 2510 782 2574 timor.

152 2625 238 2668 nunc
256 2613 291 2667 tu
308 2602 398 2667 fortis
417 2603 488 2679 cris,
506 2625 592 2668 nunc
609 2614 645 2668 tu
663 2628 714 2669 me
732 2604 883 2670 audacius
903 2627 989 2670 ures:

194 2697 255 2762 hoc
272 2697 395 2782 peperit
413 2697 527 2762 misero
544 2699 673 2783 garrula
691 2699 801 2785 lingua
817 2699 946 2762 malurn.
1148 2714 1182 2769 20

151 2789 216 2855 iam
232 2791 348 2855 faciam
366 2791 590 2875 quodcumque
608 2792 705 2868 voles,
722 2803 795 2857 tuus
813 2814 915 2875 usquc
934 2793 1078 2870 manebo,

194 2906 253 2950 nec
271 2884 394 2970 fugium
411 2896 506 2950 notae
525 2885 687 2950 servitium
705 2886 862 2962 dominae,

128 3026 132 3031 ,
154 2978 210 3042 sed
227 2979 362 3044 Veneris
381 2990 510 3045 sanctae
527 2979 689 3044 considam
706 2979 830 3044 vinctus
848 2980 889 3044 ad
906 3004 989 3045 arus:

196 3070 274 3138 haec
290 3084 379 3139 notat
396 3073 528 3141 iniustos
546 3073 805 3160 supplicibusque
821 3074 918 3138 favet.

533 3264 704 3277 *—

503 3423 660 3498 ¹XX.

153 3541 276 3606 Rumor
293 3539 338 3604 ait
355 3541 466 3607 crebro
483 3554 623 3609 nostram
640 3565 772 3630 peccare
791 3545 942 3631 puellam:

195 3656 280 3700 nunc
298 3654 358 3719 ego
376 3657 428 3700 mc
445 3638 548 3703 surdis
567 3639 696 3704 auribus
715 3662 783 3705 esse
800 3640 905 3705 velim.

152 3729 284 3794 crimine
301 3750 363 3792 non
382 3729 460 3796 haec
479 3743 551 3796 sunt
568 3744 674 3798 nostro
693 3734 760 3798 sine
779 3734 863 3798 facta
881 3734 1002 3801 dolore:

195 3822 271 3907 quid
287 3823 438 3890 miserum
456 3833 595 3910 torques,
612 3850 721 3892 rumor
738 3828 870 3893 acerbe?
889 3841 968 3895 tace.
