2566 4448
178 223 220 304 28
640 233 670 289 11
686 234 743 289 aa

177 369 252 425 vota
269 357 400 424 cadunt:
419 357 540 422 utinam
558 355 795 443 strepitantibus
813 355 940 443 advolet
957 357 1015 424 alis

218 453 364 535 flavaque
382 451 530 538 coniugio
548 451 676 517 vincula
692 461 796 536 portet
813 453 925 530 Amor,

177 547 315 624 vincula,
333 567 415 629 quae
432 556 583 611 maneant
599 568 734 631 semper,
753 545 829 611 dum
847 547 939 612 tarda
955 559 1101 613 senectus
1194 624 1197 629 q

20 648 24 655 '
121 648 157 703 20
220 641 351 706 inducat
367 663 464 727 rugas
482 641 665 725 inficiatque
683 662 799 706 comas.

33 780 36 789 ·
130 764 133 770 ²
151 810 153 814 ,
176 738 233 801 boc
250 736 357 803 veniat
373 735 486 803 natalis
505 739 555 800 avi
571 736 757 821 prolemque
774 733 938 814 ministret,

218 831 309 897 ludat
326 840 447 898 etanta
465 840 536 897 tuos
554 830 648 896 turba
664 829 788 895 novella
805 830 913 915 pedes·

659 1180 723 1245 III.

177 1300 266 1364 Rura
283 1322 398 1376 meam,
419 1297 573 1377 Comme,
590 1310 700 1365 tenent
717 1301 874 1384 villaeque
891 1303 1043 1386 puellam:

221 1393 342 1457 ferreus
360 1404 417 1470 est,
435 1391 590 1470 heuheu,
608 1394 752 1478 quisquis
770 1395 803 1459 in
820 1396 899 1460 urbe
916 1407 1032 1460 manet.

177 1487 248 1573 ipsa
264 1489 376 1553 Venus
393 1487 474 1553 latos
492 1489 556 1552 iam
574 1512 660 1554 nuno
677 1489 826 1574 migravit
844 1489 878 1553 in
895 1512 999 1575 agros,

219 1581 381 1664 verbaque
399 1583 530 1646 aratoris
548 1583 665 1648 rustica
683 1583 775 1648 discit
792 1584 905 1648 Amor.

138 1682 156 1736 5
178 1697 196 1740 0
216 1687 379 1760 egoscum
397 1676 571 1761 aspicerem
589 1675 759 1754 dominam,
779 1698 875 1760 quam
891 1677 1013 1743 fortiter
1029 1677 1093 1743 illic

220 1791 379 1834 versarem
397 1770 503 1834 valido
520 1771 639 1857 pingue
658 1770 785 1835 bidente
803 1771 906 1835 solum

177 1863 397 1948 agricolaeque
415 1865 510 1928 modo
528 1886 661 1929 curvum
679 1874 816 1928 sectarer
833 1873 982 1938 aratrum,

220 1957 297 2021 dum
316 1957 469 2042 subigunt
486 1957 606 2021 steriles
625 1979 702 2020 arva
720 1956 852 2020 serenda
869 1955 981 2020 boves!

177 2073 237 2115 neo
254 2071 413 2133 quererer,
431 2050 518 2134 quod
536 2049 584 2115 sol
600 2050 735 2135 graciles
753 2061 898 2115 exureret
916 2061 1013 2127 artus,

123 2151 158 2204 10
222 2144 361 2208 laederet
378 2153 410 2208 et
427 2154 552 2208 teneras
570 2144 702 2229 pussula
718 2155 811 2229 rupta
828 2167 951 2208 manus.

178 2237 267 2323 pavit
285 2247 316 2301 et
333 2236 466 2302 Admeti
483 2250 592 2302 tauros
610 2238 767 2302 formosus
785 2239 915 2323 Apollo,

220 2352 280 2395 nec
297 2330 418 2396 cithara
434 2330 578 2396 intonsae
595 2332 823 2416 profueruntue
841 2354 962 2409 comae,

177 2447 238 2490 nec
255 2425 356 2509 potuit
374 2446 465 2490 curas
485 2448 597 2491 sanare
615 2425 794 2491 salubribus
812 2427 932 2491 herbis:

124 2531 158 2584 14
223 2518 379 2603 quidquid
396 2531 463 2584 erat
480 2520 622 2585 medicae
639 2519 758 2584 vicerat
776 2521 850 2584 artis
868 2543 966 2586 amor.

124 2614 248 2699 rtaipse
266 2613 345 2678 deus
363 2614 473 2679 solitus
491 2614 623 2679 stabulis
641 2615 798 2699 expellere
816 2635 928 2679 vaccas

156 2810 212 2866 set
229 2800 361 2865 miscere
378 2821 462 2865 novo
480 2800 626 2867 docuisse
643 2802 779 2886 coagula
795 2801 888 2877 lacte,

159 2923 172 2952 c
222 2895 343 2960 lacteus
362 2905 393 2958 et
409 2895 544 2959 mulctris
563 2894 740 2982 obriguisse
757 2894 870 2979 liquor.

126 2995 160 3050 15
181 3000 257 3053 tuno
274 2986 394 3052 fiscella
411 2986 474 3053 levi
492 2988 619 3054 detexta
637 3000 685 3054 est
701 2988 820 3054 vimine
836 2987 931 3065 iunci,

222 3103 357 3165 raraque
374 3102 432 3166 per
448 3104 550 3146 nexus
568 3092 615 3149 est
633 3080 686 3147 via
703 3082 788 3148 facta
805 3102 884 3146 sero.

180 3199 200 3241 o
218 3175 364 3260 quotiens
381 3175 436 3240 illo
454 3175 588 3240 vitulum
606 3187 752 3262 gestante
768 3198 826 3261 per
843 3197 937 3261 agros

223 3269 339 3334 dieitur
356 3291 523 3336 occurrens
541 3271 705 3336 erubuisse
724 3269 826 3335 sorori

181 3386 200 3430 o
218 3363 363 3448 quotiens
382 3387 488 3442 ausae,
507 3377 633 3431 caneret
651 3364 727 3429 dum
744 3365 827 3429 valle
844 3365 905 3428 sub
922 3365 996 3442 alta,

125 3464 160 3520 20
222 3480 370 3543 rumpere
388 3459 512 3545 mugitu
530 3459 670 3526 carmina
687 3459 780 3524 docta
797 3457 909 3524 boves!

181 3575 275 3639 saepe
294 3553 391 3617 duces
410 3554 540 3638 trepidis
558 3555 677 3640 petiere
694 3554 824 3620 oracula
840 3554 946 3631 rebus,

222 3646 310 3713 venit
328 3656 359 3710 et
377 3669 396 3709 a
414 3647 539 3732 templis
556 3649 644 3713 irrita
662 3650 757 3713 turba
774 3649 919 3713 domum:

181 3763 277 3826 saepe
294 3741 422 3805 horrere
440 3762 545 3806 sacros
564 3743 665 3807 doluit
682 3742 809 3808 Latona
827 3743 968 3828 capillos,

223 3856 303 3919 quos
322 3833 477 3899 admirata
494 3847 542 3900 est
558 3835 628 3921 ipsa
644 3857 781 3901 noverca
798 3838 894 3923 prius.

125 3943 160 3999 25
181 3928 324 4012 quisquis
342 3927 585 4012 inornatumque
602 3940 698 4015 eaput
716 3931 880 4013 crinesque
898 3927 1017 3993 solutos

188 4036 191 4044 ⁴
222 4022 386 4110 aspiceret,
404 4023 529 4109 Phoebi
546 4037 711 4110 quaereret
727 4024 781 4092 ille
799 4045 930 4091 cumam.
