2566 4448
579 306 646 362 110

141 452 270 495 securus
289 428 393 495 uarias
412 430 476 494 dux
495 429 601 516 gregis
619 428 700 494 inter
717 450 802 494 oves.

98 534 174 590 tunc
191 523 269 587 mihi
287 524 352 594 vita
369 523 460 601 foret,
478 524 567 610 vulgi
585 546 644 589 nec
662 521 762 588 tristia
778 544 905 588 nossem

141 641 230 682 arma
247 639 306 682 neo
324 618 483 683 audissem
501 618 595 682 corde
613 618 749 683 micante
767 618 886 682 tubam.

97 733 183 776 nunc
202 711 244 775 ad
260 710 345 777 bella
362 712 478 789 trahor,
498 725 529 777 et
546 713 610 777 iam
628 713 699 796 quis
717 712 849 777 forsitan
866 711 964 778 hostis

141 805 277 870 haesura
293 806 327 870 in
343 817 450 871 nostro
468 807 532 872 tela
549 807 631 893 gerit
649 808 755 871 latere.

98 899 155 965 sed
172 899 265 985 patrii
282 912 405 966 servate
422 902 518 966 lares:
537 901 658 965 aluistis
676 912 707 966 et
724 900 820 977 idem,
871 895 876 912 ⁸

142 1014 300 1064 cursarem
318 1005 439 1059 vestros
458 1016 531 1058 cum
548 1005 637 1059 tener
654 1005 727 1059 ante
744 994 853 1079 pedes.

98 1109 162 1151 neu
178 1087 297 1171 pudeat
314 1086 419 1173 prisco
437 1109 494 1151 vos
513 1110 582 1152 esse
600 1111 618 1152 e
636 1088 741 1172 stipite
759 1087 875 1152 factos:

142 1180 186 1245 sic
203 1181 317 1246 veteris
336 1181 427 1246 sedes
444 1181 618 1246 incoluistis
637 1182 696 1245 avi.

98 1285 174 1340 tunc
191 1275 305 1340 melius
323 1285 454 1341 tenuere
472 1275 579 1352 fidem,
597 1298 671 1341 cum
689 1297 829 1361 paupere
848 1275 935 1340 cultu

140 1369 245 1434 stabat
261 1369 295 1433 in
313 1369 429 1455 exigua
446 1369 570 1456 ligneus
589 1370 666 1434 aede
685 1370 772 1434 deus.

97 1463 150 1528 hic
166 1464 310 1549 placatus
329 1474 406 1540 erat,
424 1486 482 1528 seu
498 1463 569 1547 quis
586 1463 740 1528 libaverat
757 1486 863 1541 uvam,

141 1579 198 1622 seu
216 1557 345 1622 dederat
363 1569 491 1622 sanctae
510 1559 615 1643 spicea
633 1570 717 1623 serta
735 1580 857 1623 comae:

99 1660 194 1735 atque
212 1652 325 1735 aliquis
344 1653 409 1717 voti
427 1673 556 1740 compos
573 1652 639 1716 liba
655 1653 723 1737 ipse
741 1651 864 1716 ferebat

140 1756 275 1832 postque
293 1769 398 1812 comes
416 1770 533 1832 purum
549 1747 614 1811 filia
631 1769 730 1832 parva
747 1746 868 1810 favum.

50 1902 53 1909 .
98 1849 131 1904 at
147 1840 240 1904 nobis
258 1850 374 1917 aerata,
392 1841 485 1917 lares,
502 1839 650 1925 depellite
668 1841 741 1916 tela,

140 1933 306 2019 hostiaque
324 1957 342 1999 e
359 1935 454 2020 plena
470 1935 588 2000 rustica
605 1956 721 2020 porcus
738 1933 824 1998 hara.

98 2026 180 2094 hanc
197 2051 278 2114 pura
296 2051 369 2093 cum
387 2039 475 2094 veste
492 2051 608 2112 sequar
624 2039 790 2113 myrtoque
809 2026 945 2092 canistra

141 2123 248 2186 vincta
265 2145 384 2208 geram,
402 2134 506 2208 myrto
524 2123 649 2188 vinctus
667 2132 698 2188 et
715 2123 784 2208 ipse
801 2133 906 2206 caput.

99 2214 144 2280 sic
161 2213 305 2300 placeam
323 2216 428 2280 vobis:
448 2217 527 2281 alius
546 2217 587 2281 sit
604 2216 694 2280 fortis
712 2217 746 2279 in
764 2216 870 2292 armis,

141 2320 259 2374 sternat
276 2320 307 2373 et
324 2310 473 2375 adversos
491 2311 597 2374 Marte
615 2310 742 2374 favente
761 2310 867 2386 duces,

97 2412 134 2468 ut
151 2403 229 2467 mihi
247 2403 369 2488 potanti
386 2403 485 2489 possit
504 2426 562 2467 sua
580 2402 684 2468 dicere
702 2403 787 2467 facta

140 2498 231 2562 miles
250 2508 281 2562 et
298 2497 331 2562 in
349 2520 459 2563 mensa
475 2498 607 2583 pingere
625 2507 728 2561 castra
745 2517 842 2560 mero.

97 2593 168 2676 quis
185 2592 273 2655 furor
291 2602 340 2657 est
357 2601 459 2656 atram
477 2591 567 2656 bellis
586 2614 744 2656 arcessere
761 2591 915 2654 mortem?

140 2686 283 2750 imminet
301 2696 332 2750 et
349 2686 445 2750 tacito
463 2686 545 2750 clam
563 2685 650 2750 venit
666 2686 720 2749 illa
737 2684 832 2770 pede.

97 2801 162 2844 non
180 2802 271 2866 seges
290 2791 337 2844 est
354 2780 437 2844 infra
454 2803 518 2844 non
536 2779 629 2845 vinea
647 2780 742 2856 culta,
762 2779 818 2843 sed
836 2779 940 2843 audax

43 2884 46 2890 '
143 2871 301 2939 Cerberus
320 2884 351 2938 et
369 2873 502 2960 Stygiae
520 2874 628 2938 navita
645 2873 745 2959 turpis
764 2895 879 2957 aquae:

98 2965 162 3033 illic
180 2968 406 3052 perscissisque
424 2968 515 3053 genis
533 2978 668 3051 ustoque
687 2967 799 3052 capillo

141 3070 225 3125 errat
242 3062 282 3125 ad
300 3063 451 3126 obscuros
468 3060 587 3147 pallida
605 3062 698 3127 turba
714 3060 812 3126 lacus.

97 3176 195 3240 quam
212 3154 317 3239 potius
334 3155 513 3221 laudandus
530 3156 584 3221 hic
601 3167 659 3233 est,
678 3177 774 3240 quem
790 3155 878 3241 prole
897 3166 1008 3239 parata

140 3260 275 3333 occupat
292 3249 325 3312 in
342 3273 441 3334 parva
458 3250 551 3336 pigra
569 3260 697 3315 senecta
715 3249 802 3313 casal

96 3342 165 3430 ipse
182 3365 257 3407 suas
276 3354 414 3407 sectatur
432 3365 517 3420 oves,
536 3353 569 3408 at
585 3344 669 3408 filius
688 3364 798 3427 agnos,

141 3447 173 3503 et
190 3437 326 3501 calidam
343 3436 428 3503 fesso
447 3448 607 3523 comparat
624 3457 705 3500 uxor
723 3456 849 3517 aquam.

98 3531 143 3598 sic
161 3553 221 3617 ego
240 3532 311 3608 sim,
329 3531 485 3615 liceatque
504 3540 599 3617 caput
617 3530 805 3595 candescere
824 3529 921 3608 canis,

140 3626 290 3713 temporis
309 3636 339 3690 et
356 3626 451 3711 prisci
469 3625 554 3690 facta
570 3624 687 3690 referre
705 3647 822 3689 senem.

97 3719 218 3786 interea
234 3743 298 3806 pax
316 3743 393 3784 arva
411 3720 502 3784 colat.
536 3742 600 3804 pax
618 3717 752 3783 candida
769 3719 905 3804 primum

140 3813 230 3878 duxit
247 3826 389 3879 araturos
408 3814 468 3878 sub
485 3813 562 3898 iuga
579 3835 677 3878 curva
695 3813 807 3878 boves:

99 3928 165 3993 pax
182 3907 259 3971 aluit
276 3908 355 3974 vites
374 3919 404 3973 et
423 3929 516 3973 sucos
534 3907 673 3971 condidit
690 3929 783 3983 uvae,

145 4000 292 4067 funderet
309 4014 345 4067 ut
362 4015 436 4068 nato
455 4012 536 4068 testa
552 4013 684 4088 paterna
701 4024 837 4066 merum:

98 4115 177 4183 pace
194 4093 308 4163 bidens
326 4119 498 4183 vomerque
515 4097 625 4176 nitent,
644 4107 676 4162 at
694 4095 794 4160 tristia
811 4093 886 4159 duri
