2566 4448
173 190 216 260 56
507 205 857 279 m1e-1sov10-1s)

104 409 190 468 1v1o
630 398 727 466 XVI.

205 516 352 583 'Gratum
371 528 428 595 est,
446 539 575 583 securus
593 520 728 583 multum
745 518 831 600 quod
848 519 912 583 iam
929 519 987 584 tibi
1005 520 1044 586 de
1061 542 1112 585 me

256 612 421 696 permittis,
440 612 544 677 subito
562 635 602 677 ne
620 612 703 677 male
720 612 828 697 inepta
846 614 968 678 eadam.

216 705 255 769 sit
273 706 330 769 tibi
348 728 423 770 eura
441 717 534 792 togae
551 706 654 790 potior
670 728 876 790 pressumque
894 708 1028 790 quasillo

257 811 395 864 scortum
412 821 509 883 quam
527 799 620 865 Servi
636 800 701 864 filia
719 799 869 886 Sulpicio.

136 897 155 952 5
214 894 337 959 solliciti
354 906 428 958 sunt
445 917 502 979 pro
519 894 621 969 nobis,
639 893 755 976 quibus
772 895 826 958 ille
844 895 958 960 doloris

204 1054 212 1099 t
256 1011 297 1053 ne
314 988 426 1054 cedam
442 989 552 1075 ignoto
569 987 709 1052 maxima
725 1010 820 1054 eausa
837 1000 915 1055 toro.

68 1296 69 1300 Ν
100 1351 186 1407 1v11
619 1337 734 1406 XVIL

212 1455 312 1521 Estne
330 1455 398 1533 tibi,
417 1454 578 1534 Cerintho,
597 1468 670 1523 tuae
687 1458 741 1542 pia
759 1480 834 1522 eura
851 1458 986 1542 puellae,

254 1550 339 1634 quod
355 1572 427 1615 mee
444 1573 529 1616 nune
546 1563 641 1616 vexat
660 1573 792 1637 corpora
807 1551 892 1616 fessa
910 1552 1013 1617 calor?

212 1668 232 1708 a
249 1667 309 1729 ego
326 1666 392 1708 non
410 1645 499 1710 aliter
516 1645 620 1710 tristes
639 1647 783 1710 evincere
799 1645 926 1709 morbos

252 1737 396 1823 optarim,
415 1760 512 1821 quam
528 1750 560 1804 te
577 1740 604 1804 si
620 1761 747 1824 quoque
765 1740 846 1803 velle
863 1750 980 1823 putem.

133 1839 150 1892 5
210 1843 242 1897 at
259 1832 336 1895 mihi
353 1832 430 1915 quid
447 1833 545 1918 prosit
563 1834 689 1897 morbos
708 1833 861 1908 evincere,
880 1835 908 1894 si
924 1842 960 1896 tu

251 1937 358 1991 nostra
375 1937 465 2010 potes
483 1928 568 1991 lento
585 1937 712 2010 pectore
728 1925 811 1991 ferre
827 1924 929 1989 mals?

96 2289 181 2346 1v12
606 2271 737 2340 XVIII.

206 2393 257 2458 Ne
274 2394 331 2459 tibi
349 2393 419 2469 sim,
436 2414 508 2458 meo
525 2393 591 2469 lux,
610 2414 709 2476 aeque
727 2394 789 2459 iam
808 2392 929 2460 fervida
947 2418 1033 2474 eura,

250 2510 287 2552 ee
304 2489 415 2554 videor
431 2509 549 2572 paucos
568 2498 640 2553 ante
658 2487 756 2552 fuisse
775 2487 851 2565 dies,

207 2582 233 2646 si
251 2583 421 2666 quiequam
439 2592 505 2646 tota
523 2581 664 2646 commisi
683 2582 779 2646 stulta
796 2583 935 2660 iuventa,

250 2676 339 2740 ouius
356 2698 407 2740 me
425 2676 526 2740 fatear
542 2675 733 2760 paenituisse
750 2674 863 2760 magis,

129 2776 148 2831 5
207 2769 352 2834 hesterna
370 2792 466 2853 quam
483 2779 515 2834 te
533 2770 635 2833 solum
653 2769 739 2852 quod
756 2780 848 2834 noete
866 2767 988 2853 reliqui,

249 2864 393 2928 ardorem
411 2863 540 2948 cupiens
559 2863 756 2929 dissimulare
772 2885 888 2929 meum.
