2566 4448
525 228 716 299 ffl‘lssVl)

110 377 171 422 nec
189 356 327 421 violenta
345 376 402 420 suo
421 352 617 438 consumpsit
632 376 720 419 more
740 351 933 440 Charybdis,

111 450 163 516 vel
180 450 207 515 si
225 449 368 514 sublimis
386 450 484 513 fluctu
501 458 706 533 consurgeret
722 447 797 526 imo,

110 545 162 609 vel
180 543 207 608 si
223 544 398 628 interrupto
416 542 549 607 nudaret
566 543 694 627 gurgite
711 553 855 627 pontum,

110 660 176 703 non
193 637 310 702 violata
327 637 401 723 vagi
419 637 571 702 sileantur
588 657 708 720 pascua
727 635 821 713 Solis,

111 753 176 795 non
193 753 282 795 amor
298 742 330 797 et
347 731 484 797 fecunda
502 730 685 795 Atlantidos
704 752 781 795 arva
798 729 969 816 Calypsus,
1035 737 1037 747 '

111 826 183 890 finis
201 837 233 890 et
251 826 363 890 erroris
381 826 488 891 miseri
504 824 665 890 Phaeacia
682 825 786 891 tellus.

111 930 207 1003 atque
224 919 303 985 haee
319 942 376 986 seu
392 930 515 986 nostras
532 919 614 984 inter
631 930 705 984 sunt
722 919 850 1004 cognita
866 929 975 997 terras,

110 1014 220 1078 fabula
237 1014 303 1079 sive
320 1036 440 1078 novum
458 1013 545 1078 dedit
561 1013 610 1076 his
629 1013 788 1086 erroribus
807 1014 927 1092 orbem,

112 1108 153 1173 sit
169 1108 260 1173 labor
276 1108 371 1185 illius,
389 1119 445 1172 tua
463 1108 538 1172 dum
556 1106 715 1184 facundia,
734 1107 843 1173 maior.

153 1205 215 1266 lom
232 1214 264 1266 te
281 1224 346 1267 non
363 1201 444 1266 alius
461 1201 537 1266 belli
555 1212 640 1266 tenet
657 1201 761 1287 aptius
780 1213 874 1279 artes,

110 1318 175 1381 qua
192 1296 303 1363 deceat
319 1307 421 1360 tutam
439 1296 549 1360 castris
567 1295 760 1380 praeducere
777 1298 906 1374 fossam,

110 1390 246 1475 qualiter
264 1391 414 1455 adversos
432 1390 516 1454 hosti
534 1390 672 1475 defigere
691 1412 812 1467 cervos,

107 1507 246 1569 quemve
263 1487 368 1549 locum
387 1485 483 1549 ducto
499 1485 611 1548 melius
631 1485 671 1549 sit
689 1485 837 1550 claudere
853 1485 949 1561 vallo,

109 1579 251 1643 fontibus
268 1589 304 1642 ut
322 1578 431 1643 dulces
449 1585 594 1663 erumpat
611 1589 695 1643 terra
710 1578 860 1661 liquores,

54 1690 57 1696 ’
109 1683 146 1737 ut
162 1672 328 1756 facilisque
346 1672 408 1737 tuis
427 1672 531 1737 aditus
549 1673 590 1736 sit
608 1683 639 1736 et
657 1673 774 1736 arduus
792 1672 887 1750 hosti,

108 1767 213 1832 laudis
231 1777 263 1831 et
280 1766 414 1831 adsiduo
431 1767 538 1853 vigeat
556 1767 726 1832 certamine
743 1767 844 1843 miles,

108 1861 180 1946 quis
198 1861 361 1926 tardamve
379 1861 491 1925 sudem
508 1861 621 1926 melius
640 1862 815 1926 celeremve
837 1861 984 1947 sagittam

107 1955 217 2020 iecerit
235 1965 291 2019 aut
306 1956 392 2020 lento
409 1955 598 2041 perfregerit
615 1955 710 2020 obvia
728 1955 803 2040 pilo,

109 2060 164 2113 aut
182 2048 253 2131 quis
271 2070 390 2131 equum
407 2049 582 2114 celeremve
600 2059 669 2114 arto
686 2071 886 2135 compescere
904 2049 995 2115 freno

108 2142 209 2227 possit
227 2152 258 2206 et
275 2142 393 2207 effusas
411 2142 501 2207 tardo
519 2143 700 2227 permittere
718 2144 860 2209 habenas

108 2236 207 2319 inque
224 2234 326 2300 vicem
343 2235 437 2299 modo
456 2236 574 2300 directo
593 2239 780 2304 contendere
798 2261 904 2323 passu,

108 2352 166 2395 seu
183 2328 291 2403 libeat,
310 2350 407 2395 curvo
425 2329 554 2394 brevius
572 2343 736 2395 conectere
754 2354 844 2415 gyro,

71 2415 73 2418 ’
107 2423 180 2510 quis
197 2446 317 2508 parma,
336 2446 393 2488 seu
411 2423 522 2487 dextra
538 2423 615 2488 velit
632 2446 689 2489 seu
706 2425 807 2501 laeva,
826 2426 918 2501 tueri,

108 2518 175 2584 sive
193 2518 253 2582 hac
271 2517 337 2582 sive
355 2518 427 2581 illae
445 2516 550 2583 veniat
568 2518 674 2603 gravis
693 2519 830 2604 impetus
850 2518 960 2585 hastae

107 2612 251 2698 amplior,
270 2622 324 2676 aut
341 2612 466 2698 signata
484 2612 546 2676 cita
562 2612 633 2677 loca
650 2624 781 2697 tangere
799 2613 909 2677 funda.

106 2706 171 2770 iam
189 2706 282 2771 simul
300 2706 429 2770 audacis
448 2707 575 2770 venient
593 2707 766 2771 certamina
783 2707 908 2783 Martis,

108 2799 310 2883 adversisque
328 2811 441 2885 parent
459 2800 542 2864 acies
560 2822 747 2866 concurrere
765 2802 874 2887 signis,

108 2903 176 2957 tum
193 2894 251 2959 tibi
267 2917 330 2959 non
349 2894 430 2959 desit
446 2893 561 2959 faeiem
579 2917 766 2979 componere
783 2919 921 2982 pugnae,

108 3009 166 3051 seu
183 2986 223 3050 sit
239 3010 319 3072 opus
336 2989 528 3072 quadratum
546 2988 630 3053 acies
648 2989 799 3054 consistat
816 2991 848 3054 in
866 3014 992 3076 agmen,

107 3090 212 3146 rectus
230 3091 265 3144 ut
284 3082 426 3164 aequatis
446 3082 593 3151 decurrat
610 3082 767 3147 frontibus
787 3084 873 3160 ord0,

107 3197 164 3240 seu
181 3173 278 3237 libeat
295 3175 454 3259 duplicem
473 3176 639 3241 seiunctim
658 3199 787 3242 cernere
804 3178 953 3255 Martem,

107 3269 218 3332 dexter
234 3267 281 3330 uti
298 3267 425 3333 laevum
442 3281 548 3334 teneat
566 3270 775 3354 dextrumque
793 3270 917 3335 sinister

106 3361 197 3426 miles
215 3361 320 3444 sitque
338 3361 455 3447 duplex
471 3364 591 3449 gemini
608 3365 739 3429 victoria
757 3385 858 3430 casus.

150 3467 182 3520 at
199 3478 263 3520 non
282 3478 339 3539 per
356 3455 469 3521 dubias
488 3468 594 3521 errant
610 3480 683 3522 mea
701 3458 841 3522 carmina
857 3458 982 3526 laudes:

106 3573 181 3614 nam
199 3549 291 3614 bellis
310 3561 440 3634 experta
458 3572 547 3615 cano.
583 3551 672 3615 testis
691 3551 769 3615 mihi
786 3552 888 3618 victae

106 3644 195 3708 fortis
213 3643 367 3729 Iapydiae
384 3644 485 3721 miles,
503 3643 592 3708 testis
610 3666 736 3729 quoque
754 3645 851 3710 fallax

106 3735 302 3815 Pannonius,
320 3737 442 3823 gelidas
459 3738 578 3823 passim
597 3739 745 3805 disiectus
762 3741 796 3804 in
813 3741 913 3825 Alpes

108 3830 197 3894 testis
214 3832 368 3917 Arupinis
386 3843 417 3897 et
434 3854 555 3917 pauper
572 3845 665 3898 natus
683 3834 716 3898 in
734 3834 828 3909 arvis,

107 3944 202 4006 quem
220 3924 246 3988 si
264 3926 335 4008 quis
352 3927 459 3991 videat
477 3937 569 3991 vetus
587 3940 622 3992 ut
639 3950 704 3992 non
721 3928 851 4013 fregerit
869 3939 965 4006 aetas,

106 4028 197 4084 terna
214 4017 317 4085 minus
336 4021 447 4108 Pyliae
464 4020 596 4088 miretur
614 4024 748 4091 saecula
760 4022 887 4086 famae,
