2566 4448
155 120 197 197 10
615 148 708 204 rar

103 273 137 327 85
153 268 233 333 haec
251 267 309 333 tibi
326 268 459 334 fabellas
477 269 593 335 referat
612 266 778 357 positaque
795 273 923 339 lucerna

198 363 333 428 deducat
351 365 445 448 plena
463 364 598 429 stamina
615 367 712 452 longa
729 367 817 431 colu:

35 482 38 486 “
155 467 189 520 at
207 457 290 521 circa
307 458 457 542 gravibus
475 460 582 544 pensis
600 461 706 525 adfixa
722 462 827 545 puella

197 552 349 635 paulatim
368 575 478 617 somno
495 553 581 619 fessa
597 555 737 619 remittat
754 576 843 640 opus.

153 655 229 709 tunc
247 646 373 711 veniam
391 647 506 725 subito,
523 671 584 714 nco
601 649 768 732 quisquam
786 649 909 715 nuntiet
927 661 1010 730 ante,

101 749 137 804 90
196 739 253 804 sed
271 740 378 805 videar
396 742 482 807 caelo
499 743 614 808 missus
632 744 743 808 adesse
760 742 828 808 tibi.

154 843 230 898 tunc
247 834 335 912 mihi,
353 837 455 920 qualis
473 838 545 914 cris,
564 838 675 921 longos
694 837 820 902 turbata
838 838 977 922 capillos,

197 929 292 993 obvia
309 930 440 1007 nudato,
459 930 565 1008 Delia,
584 953 674 996 curre
691 931 782 1016 pede.

153 1021 214 1086 hoc
232 1045 353 1110 precor,
372 1026 457 1089 huno
474 1023 564 1089 illum
581 1025 673 1090 nobis
692 1027 820 1090 Aurora
836 1026 990 1093 nitentem

195 1117 383 1184 Luciferum
402 1119 500 1184 roseis
518 1120 653 1185 candida
669 1131 773 1206 portet
791 1122 890 1205 equis.

630 1456 692 1527 IV.
706 1261 805 1422 Di(

153 1597 223 1663 ‘Sic
241 1598 390 1663 umbrosa
407 1597 466 1663 tibi
484 1598 667 1686 contingant
685 1610 778 1678 tecta,
796 1600 923 1686 Priape,

193 1716 234 1759 ne
252 1694 348 1780 capiti
366 1694 458 1771 soles,
476 1717 517 1758 ne
534 1706 731 1779 noceantque
749 1695 852 1759 nives:

152 1809 233 1871 quac
251 1799 307 1854 tua
324 1789 478 1853 formosos
498 1789 582 1875 cepit
599 1790 755 1854 sollertia?
773 1800 856 1853 certe

193 1904 257 1946 non
275 1882 332 1946 tibi
350 1883 449 1946 barba
466 1883 554 1959 nitet,
571 1904 635 1946 non
653 1883 711 1947 tibi
729 1883 815 1947 culta
832 1903 923 1946 coma
941 1895 998 1962 est,

117 1986 135 2040 5
151 1976 257 2041 nudus
274 1988 306 2041 et
322 1975 473 2040 hibernae
491 1976 638 2060 producis
656 1976 776 2062 frigora
793 1975 935 2053 brumae,

194 2070 300 2134 nudus
320 2081 351 2134 et
369 2070 480 2134 aestivi
497 2080 640 2154 tempora
657 2070 741 2135 sicca
758 2069 864 2134 canis!

82 2176 84 2180 '
151 2164 197 2229 sic
214 2187 288 2250 ego:
307 2174 375 2227 tum
392 2163 512 2228 Bacchi
529 2164 691 2248 respondit
707 2163 825 2228 rustica
842 2163 947 2250 proles

193 2268 332 2322 armatus
351 2279 447 2322 curva
465 2257 510 2322 sic
526 2257 604 2321 mihi
621 2257 702 2322 falce
720 2258 808 2322 deus.

150 2358 185 2417 ‘o
203 2352 279 2438 fuge
297 2362 328 2418 te
346 2362 473 2416 tenerae
490 2373 661 2436 puerorum
678 2352 805 2418 credere
822 2352 947 2422 turbae:

99 2459 133 2513 10
194 2469 269 2510 nam
287 2468 415 2510 causam
432 2445 507 2510 iusti
524 2468 649 2531 semper
666 2448 780 2511 amoris
799 2446 926 2511 habent.

150 2540 201 2604 hic
219 2541 332 2625 placet,
351 2539 492 2625 angustis
510 2541 597 2623 quod
613 2561 730 2624 equum
748 2541 918 2626 compescit
936 2540 1081 2604 habenis:

192 2633 244 2698 hic
261 2634 419 2719 placidam
436 2633 530 2698 niveo
548 2643 676 2719 pectore
693 2632 782 2719 pellit
799 2656 928 2717 aquam:

149 2727 211 2806 hic,
230 2729 306 2811 quia
323 2728 413 2792 fortis
431 2727 521 2792 adest
538 2727 682 2804 audacia,
701 2727 798 2812 cepit:
817 2740 848 2791 at
865 2726 911 2791 illi

193 2822 353 2907 virgineus
372 2832 496 2886 teneras
514 2831 576 2886 stat
593 2821 695 2906 pudor
713 2831 786 2885 ante
803 2843 911 2905 genas.

98 2928 132 2983 15
149 2917 206 2980 sed
223 2939 263 2981 ne
281 2926 312 2981 te
330 2916 466 3000 capiant,
484 2915 585 3000 primo
603 2916 631 2980 si
647 2916 730 2981 forte
747 2915 887 3001 negabit,

192 3010 310 3075 taedia:
327 3009 482 3094 paulatim
498 3009 559 3074 sub
576 3010 653 3095 iuga
671 3009 752 3074 colla
769 3009 866 3073 dabit.

148 3105 245 3190 longa
263 3103 329 3168 dies
347 3102 467 3167 homini
485 3102 591 3168 docuit
607 3126 718 3188 parere
736 3104 853 3179 leones,

191 3200 287 3283 longa
305 3197 371 3263 dics
388 3196 477 3262 molli
494 3220 571 3262 saxa
587 3198 709 3283 peredit
726 3219 822 3281 aqua:

150 3315 249 3357 annus
267 3292 300 3356 in
318 3291 430 3377 apricis
449 3301 587 3356 maturat
603 3291 736 3356 collibus
753 3313 843 3368 uvas,

98 3393 134 3448 20
193 3410 294 3451 annus
313 3387 379 3472 agit
396 3398 482 3452 certa
499 3386 605 3451 lucida
622 3386 714 3473 signa
731 3385 809 3450 vice.

149 3504 208 3548 nee
226 3481 330 3545 iurare
347 3481 437 3546 time:
457 3481 591 3548 Veneris
608 3480 746 3567 periuria
763 3480 847 3545 vent'

189 3575 277 3640 irrita
294 3597 351 3660 per
367 3584 465 3639 terras
483 3586 515 3640 et
532 3575 613 3642 freta
630 3597 753 3641 summa
770 3575 885 3640 ferunt.

149 3669 251 3754 gratia
268 3691 385 3754 magna
401 3668 485 3732 Iovi:
504 3671 603 3735 vetuit
620 3681 710 3754 pater
727 3669 795 3755 ipse
813 3668 928 3748 valere,

190 3764 325 3828 iurasset
343 3762 456 3848 cupide
474 3762 628 3846 quidquid
644 3764 771 3848 ineptus
789 3787 890 3828 amor:

96 3865 130 3951 25
147 3880 266 3944 perque
285 3880 358 3922 suas
376 3857 505 3941 impunc
522 3856 597 3921 sinit
613 3858 777 3942 Dictynna
794 3858 923 3942 sagittas

190 3953 346 4029 adfirmes,
365 3951 465 4017 crines
483 3972 602 4036 perque
620 3951 767 4020 Minerva
784 3971 867 4017 suos.
