2566 4448
97 237 149 282 XX
433 239 475 282 DE
489 240 611 282 'HBULLI
626 241 695 283 Vtra
708 241 747 283 ΕΤ
761 239 847 283 Ponet

96 352 197 406 bebam
206 367 261 405 non
269 365 372 405 memor
382 364 465 404 eram.
475 381 509 390 -
518 352 535 406 1
544 352 633 404 cilicos
653 351 732 404 codd.
746 382 779 392 -—
795 351 829 404 22
846 354 984 421 inpememe
999 372 1023 419 ς,
1038 352 1187 406 intremcrrtc

97 421 250 488 Iucundos,
270 422 371 473 villicus
392 424 456 472 cett.
478 451 512 460 -
535 419 552 473 2
572 437 633 488 per·
653 419 783 473 Heinsius
793 451 824 459 -
835 420 869 473 23
881 431 938 474 arte
949 439 976 478 r:
989 428 1048 473 onte
1060 419 1139 472 codd.
1152 451 1186 460 -

97 500 198 570 spectus
207 488 367 569 Mommsen.
385 490 526 557 Respectus
534 487 633 570 Ideine·
653 489 686 542 28
693 498 770 608 patet
782 488 883 542 Miiller
898 489 937 555 (in
953 489 1072 569 editione
1085 486 1187 541 Catulli

41 587 44 591 ’
97 557 634 693 insensatarum
653 556 1187 692 t,illitterata

98 695 192 748 6tcato
201 692 411 763 inscriptionum
421 695 633 764 syllegae,toceo
653 693 885 762 titum—iilcapo
903 692 1187 764 ueScaligerteacca-

97 769 205 816 veteres
221 762 403 832 Priapeorum
425 763 572 830 editiones,
593 767 634 814 at·
654 780 702 832 que
719 761 798 815 codd.
816 792 850 801 —
865 713 902 816 ti
920 763 1016 830 riperto
1031 761 1069 814 F:
1085 770 1188 831 repente

117 848 152 885 ue
179 831 254 884 idem
277 831 306 883 in
329 830 511 900 Priapeo1um
540 830 635 883 codice
654 830 739 884 ceteri
752 830 830 884 codd.
844 830 1063 884 recenteMiiller.

126 899 235 953 aticano
248 904 355 952 exstare
374 899 441 952 dicit
452 899 634 966 Burmannus,

57 996 59 1001 .
98 969 127 1021 in
147 984 202 1021 uno
223 968 318 1022 codice
339 967 500 1021 Tibulliano
522 965 634 1034 Statius,
688 967 732 1020 De
761 966 1003 1038 epigrammate
1030 967 1060 1021 in
1082 965 1189 1021 Tibulli

99 1036 218 1104 denique
235 1037 265 1088 in
280 1036 303 1088 F
317 1034 451 1106 Scaliger.
463 1067 496 1076 -
509 1035 554 1089 Ita
565 1036 636 1089 haec
654 1040 781 1099 mortem,
799 1038 872 1104 quod
888 1037 917 1088 in
929 1035 953 1088 t*
970 1040 1089 1089 testante
1103 1034 1188 1090 Scali—

97 1104 287 1175 proferuntur,
313 1109 345 1158 ut
366 1108 394 1157 et
414 1103 551 1157 ablativus
573 1103 635 1156 sub-
655 1120 721 1174 gero
733 1104 875 1157 Domitii
888 1104 992 1158 Marsi
1008 1120 1107 1157 nomen
1119 1103 1188 1158 lere·

99 1173 211 1226 stantivi
228 1173 370 1226 omittatur
381 1177 409 1225 et
420 1172 547 1226 verbum:
565 1187 635 1241 quae
656 1175 712 1239 bat,
726 1179 754 1230 et
765 1173 800 1226 de
811 1173 883 1225 vita
894 1178 993 1242 poetae
1006 1172 1042 1226 cf.
1053 1173 1148 1225 Herm.
1155 1172 1189 1226 18

98 1242 244 1295 reticentia
267 1240 335 1294 mihi
363 1239 474 1309 quidem
499 1240 574 1294 haud
596 1240 636 1293 ita
655 1259 682 1311 p.
695 1240 745 1294 349
755 1255 815 1310 sqq.
829 1272 862 1281 —
874 1242 891 1296 5
903 1243 1038 1294 Romanus
1049 1260 1076 1298 c:
1093 1242 1189 1309 repulit

100 1309 223 1363 difficilis
239 1309 349 1362 videtur
360 1310 397 1362 ad
409 1308 634 1378 intellegendum.
655 1312 690 1363 A.
705 1325 741 1363 an
749 1312 888 1364 Pedanos?
901 1310 936 1363 cf.
946 1310 1040 1364 Herm.
1055 1310 1088 1363 18
1099 1326 1126 1378 p.
1137 1310 1188 1363 351

100 1378 144 1432 De
161 1395 212 1431 usu
228 1378 303 1431 vocis
319 1379 366 1430 sed
381 1376 417 1430 cf.
436 1394 477 1430 ex.
496 1394 536 1447 gr.
556 1377 635 1431 Ovid.
655 1379 718 1432 adn.
728 1379 753 1431 2.
764 1409 797 1418 -
809 1379 827 1432 6
839 1389 968 1432 oratorem
980 1397 1006 1435 s:
1019 1381 1061 1430 ori
1076 1380 1142 1430 inem
1153 1376 1188 1430 A

100 1446 185 1500 Trist.
198 1447 225 1501 V
242 1446 268 1514 5,
285 1446 327 1498 24.
365 1445 506 1508 Quomodo
524 1455 590 1499 tecto
607 1446 636 1498 in
656 1457 786 1500 oratorem
797 1448 922 1515 insipmm
934 1446 1037 1500 Holzer
1050 1396 1188 1514 &etresp-

31 1544 34 1550 -
100 1526 184 1580 taceo,
208 1515 281 1583 quod
298 1513 384 1568 multo
401 1513 510 1582 planius
527 1519 591 1583 est,
604 1531 636 1566 ex
654 1516 698 1569 Bl.
721 1515 741 1568 f.
765 1516 790 1568 d.
817 1516 961 1638 gelehrten
984 1515 1041 1568 und
1061 1513 1188 1567 Realsclu

100 1584 150 1638 Ov.
172 1582 240 1636 Her.
263 1583 305 1650 19,
326 1582 360 1636 51
385 1582 486 1635 mutari
506 1583 635 1652 potuerit,
655 1585 759 1638 Wiirtt.
770 1584 820 1638 188
850 1602 877 1653 p.
888 1584 1104 1639 325.—letiam
1113 1583 1153 1635 A:
1166 1591 1189 1635 ct

99 1651 206 1706 facilea
225 1656 319 1721 paret:
329 1651 495 1704 contrarium
502 1651 634 1704 nonitem.
655 1673 710 1711 ς-
721 1653 755 1707 10
762 1670 844 1722 supro
855 1655 979 1722 cereptum
990 1670 1018 1710 r:
1029 1652 1188 1721 superscrip-

134 1721 171 1774 Π.
203 1670 344 1774 ,imm
356 1718 494 1791 Scaliger:
507 1721 637 1773 reurbctur
656 1731 709 1774 tum
721 1722 755 1775 A.

270 2301 353 2380 Du,
371 2302 593 2370 TIBULLI
623 2304 751 2372 VITA
773 2303 837 2370 ET
868 2301 1026 2370 POESI

342 2439 674 2507 TESTIMONIA
696 2440 947 2522 ANTIQUA.

134 2608 297 2662 Horatius
318 2626 400 2664 carm.
424 2611 438 2663 I
460 2611 494 2664 33
515 2611 575 2679 (‘ad
597 2610 751 2664 Tibullum’
772 2611 817 2662 vel
838 2609 888 2662 ‘ad
903 2607 1016 2661 Albium
1034 2606 1189 2660 Tibullum‘

99 2678 180 2732 inser.
195 2677 321 2731 ‘Albium
334 2678 476 2732 Tibullum
488 2678 646 2748 adloquitur
658 2679 809 2749 elegiorum
820 2677 943 2747 poetam'
956 2675 1123 2746 Porphyrio)

169 2762 246 2828 Albi,
258 2781 293 2817 ne
305 2764 400 2816 doleas
411 2764 474 2832 plns
487 2763 571 2816 nimio
583 2780 687 2816 memor

169 2831 282 2885 immitis
295 2829 332 2885 Gl
353 2847 441 2898 cerae,
454 2847 509 2884 neu
520 2832 691 2886 miserabiles

170 2900 300 2953 decantes
313 2850 415 2969 elegos,
429 2916 477 2953 cur
488 2899 541 2953 tibi
552 2900 642 2953 iunior

170 2969 247 3022 laesa
259 2968 413 3037 praeniteat
424 2968 488 3021 fide.

135 3070 213 3124 Idem
231 3070 310 3140 epist.
327 3071 342 3122 I
358 3070 377 3124 4
392 3070 451 3138 (‘ad
471 3071 586 3125 Albium
608 3069 762 3124 Tibullum'
782 3070 827 3123 vel
848 3069 897 3123 ‘ad
918 3069 1031 3124 Albium
1051 3070 1190 3141 elegorum

102 3139 274 3209 scriptorem’
287 3140 381 3207 inscr.)

169 3224 250 3293 Albi,
262 3230 417 3278 nostrorum
430 3241 584 3279 sermonum
596 3225 712 3279 candide
724 3225 815 3292 iudex,

170 3293 237 3361 quid
249 3298 360 3346 nuncto
374 3294 465 3348 dicam
478 3294 571 3348 facere
582 3293 611 3346 in
623 3293 735 3363 regione
747 3293 881 3347 Pedana?

172 3361 291 3415 scribere
304 3363 377 3431 quod
391 3362 469 3416 Cassi
481 3362 638 3416 Parmensis
651 3362 784 3431 opuscula
794 3362 896 3423 vincat,

172 3446 208 3482 an
220 3429 335 3498 tacitum
347 3431 430 3484 silvas
442 3431 514 3484 inter
525 3436 635 3502 reptare
647 3430 780 3498 salubres,

137 3500 153 3553 5
172 3503 313 3552 curantem
325 3497 456 3568 quicquid
470 3499 584 3570 dignum
595 3499 720 3569 sapiente
732 3499 859 3567 bonoque
872 3499 932 3552 est‘l

171 3584 226 3620 nou
237 3572 268 3619 tu
280 3582 377 3635 corpus
390 3583 451 3620 eras
463 3567 522 3622 sine
533 3575 658 3638 pectore:
671 3568 700 3621 di
712 3567 764 3620 tibi
775 3568 900 3636 formam,

172 3636 201 3688 di
212 3634 265 3689 tibi
277 3634 388 3688 divitias
401 3635 535 3688 dederunt
546 3643 687 3717 artemque
699 3636 816 3690 fruendi.

172 3703 239 3772 quid
250 3708 349 3756 voveat
361 3703 434 3756 dulci
446 3703 582 3757 nutricula
593 3722 682 3758 marus
694 3706 813 3773 alumno,

172 3771 220 3840 qui
232 3788 330 3841 sapere
343 3776 371 3825 et
382 3771 435 3824 fari
447 3771 533 3840 possit
545 3789 616 3841 quae
628 3773 737 3841 sentiat,
752 3780 780 3826 et
792 3773 836 3827 cui

122 3841 155 3894 10
172 3840 263 3910 gratia
274 3840 350 3894 fama
361 3841 488 3893 valetudo
501 3841 643 3910 contingat
655 3842 764 3895 abunde

174 3912 201 3960 et
212 3909 329 3961 mundus
341 3908 429 3962 rictus
440 3924 495 3961 non
507 3907 652 3963 deficiente
665 3910 812 3964 crumena?

171 3976 243 4029 inter
254 3993 332 4046 spem
344 3994 501 4047 curamque,
514 3976 624 4031 timores
636 3979 708 4032 inter
720 3984 747 4033 et
758 3979 814 4032 iras

172 4061 279 4099 omnem
292 4047 373 4100 crede
388 4046 460 4100 diem
472 4044 524 4100 tibi
536 4046 667 4102 diluxisse
680 4063 848 4117 supremum:
